,End,Name,totalRevenue,costofGoodsAndServicesSold,researchAndDevelopment,totalAssets,totalLiabilities,inventory,commonStockSharesOutstanding,GDP,Interest,Inflation,SP,Cons_Sent,Fin_Stress,Cash_On_Hand,Unemployment_Rate,Recession_probability,Corporate_Profits
0,4/29/2018,NVDA,3207000000,1139000000,542000000,11460000000,3743000000,797000000,606000000,0.015614161,0.161903286,0.138620043,-0.011103063,-0.006066734,-0.446735395,-0.125672619,-0.025,-0.222222222,0.025792936
1,7/29/2018,NVDA,3123000000,1148000000,581000000,12882000000,4087000000,1090000000,607000000,0.010604734,0.019115256,-0.023339906,0.054185333,-0.002034588,2.483342744,-0.016460424,-0.025641026,0.142857143,0.007098353
2,10/28/2018,NVDA,3181000000,1260000000,605000000,13657000000,4182000000,1417000000,609000000,0.006380298,0.090647421,-0.007862085,-0.052874088,0,-0.7646296,0.036295806,0,2.25,0.008926232
3,1/27/2019,NVDA,2205000000,998000000,647000000,13292000000,3950000000,1575000000,606000000,0.009309453,-0.320395051,-0.026411499,0.008177315,-0.036697248,1.466942149,-0.114288788,0.026315789,1.884615385,-0.017532876
4,4/28/2019,NVDA,2220000000,924000000,674000000,14021000000,4317000000,1426000000,607000000,0.012342928,-0.473676175,0.009081852,0.059290702,0.042328042,0.425181463,0.028232989,-0.076923077,-0.493333333,0.024997195
5,7/28/2019,NVDA,2579000000,1038000000,704000000,14775000000,4439000000,1204000000,609000000,0.012193754,-0.207234375,0.065028225,0.026201025,-0.047715736,-0.558080313,-0.053293437,0,0.210526316,-0.01826894
6,10/27/2019,NVDA,3014000000,1098000000,712000000,15810000000,4596000000,1047000000,610000000,0.008113241,0.201320047,0.071595161,0.042229998,0.036247335,-0.29787234,0.294675905,0,0.956521739,0.050617102
7,1/26/2020,NVDA,3105000000,1090000000,738000000,17315000000,5111000000,979000000,612000000,-0.00776264,-0.473298921,0.00114732,-0.008722703,-0.00617284,-6.964646465,0.093161158,0.055555556,36.16666667,-0.076039177
8,4/26/2020,NVDA,3080000000,1076000000,735000000,23254000000,10155000000,1128000000,614000000,-0.08827645,-1.422867035,-0.228725763,-0.040636545,-0.232919255,0.116215072,0.408043207,2.421052632,-0.002092676,-0.056562143
9,7/26/2020,NVDA,3866000000,1591000000,997000000,25180000000,11266000000,1401000000,616000000,0.087881073,2.738066762,0.054409797,0.132394626,0.021592443,-1.080504457,-0.077241253,-0.323076923,-0.999400839,0.300589008
10,10/25/2020,NVDA,4726000000,1766000000,1047000000,26881000000,11547000000,1495000000,618000000,0.01602243,-0.32651474,-0.202209278,0.070687354,0.054161162,1.191990577,0.10929026,-0.227272727,6,-0.032118814
11,1/31/2021,NVDA,5003000000,1847000000,1146000000,28791000000,11898000000,1826000000,620000000,0.028065066,-0.385739032,-0.113179196,0.087553805,0.005012531,2.10424503,0.066697113,-0.088235294,-1,0.123124408
12,5/2/2021,NVDA,5661000000,2032000000,1153000000,30796000000,12022000000,1992000000,621000000,0.032853318,-1.32940312,0.573156417,0.082241037,0.067331671,0.567768738,0.025802752,-0.048387097,inf,0.092368624
13,8/1/2021,NVDA,6507000000,2292000000,1245000000,38650000000,17503000000,2114000000,2493000000,0.021846116,-3.817313812,-0.023703672,0.056897957,-0.126168224,-0.124654963,0.007609465,-0.13559322,0.105263158,0.001502477
14,10/31/2021,NVDA,7103000000,2472000000,1403000000,40632000000,16834000000,2233000000,2499000000,0.033914512,-1.81668933,0.334000373,0.040808111,-0.065508021,-0.119828456,-0.038007781,-0.176470588,-0.571428571,-0.007293597
15,1/30/2022,NVDA,7643000000,2644000000,1466000000,44187000000,17575000000,2605000000,2506000000,0.016072818,2.225308436,0.320530482,-0.030040568,-0.097281831,-0.419891086,-0.016508083,-0.095238095,0,0.043170155
16,5/1/2022,NVDA,8288000000,2857000000,1618000000,45212000000,18892000000,3163000000,2506000000,0.020532989,1.868123875,0.177029959,-0.080242212,-0.082408875,-0.689970356,-0.220466654,-0.052631579,2,0.058072562
17,7/31/2022,NVDA,6704000000,570000000,1824000000,43476000000,19625000000,3889000000,2495000000,0.018831434,-0.017726778,0.190360867,-0.030523642,-0.031088083,1.084462151,-0.041520201,0,-0.592592593,-0.049390295
18,10/30/2022,NVDA,5931000000,2754000000,1945000000,40488000000,19139000000,4454000000,2483000000,0.01609594,0.698938861,0.08014407,-0.032253445,0.048128342,-0.406345566,,0,9,-0.048450002
19,1/29/2023,NVDA,6051000000,2218000000,1952000000,41182000000,19081000000,5159000000,2466000000,,-0.007773642,0.007543269,0.038445263,0.098639456,0.224082421,,-0.027777778,,
20,3/31/2018,TSLA,3409000000,2485000000,367096000,27271000000,21551000000,2566000000,169750000,0.013105769,0.456297511,0.036384934,0.050013829,0.005081301,-0.572287547,0.045172494,-0.047619048,0.8,0.054504315
21,6/30/2018,TSLA,4002000000,2860000000,386129000,27910000000,22643000000,3325000000,170516000,0.015614161,0.161903286,0.138620043,-0.011103063,-0.006066734,-0.446735395,-0.125672619,-0.025,-0.222222222,0.025792936
22,9/30/2018,TSLA,6824000000,-5313000000,351000000,29263000000,23409000000,3314000000,171578000,0.010604734,0.019115256,-0.023339906,0.054185333,-0.002034588,2.483342744,-0.016460424,-0.025641026,0.142857143,0.007098353
23,12/31/2018,TSLA,7226000000,25289000,356000000,29740000000,23427000000,3113000000,172603000,0.006380298,0.090647421,-0.007862085,-0.052874088,0,-0.7646296,0.036295806,0,2.25,0.008926232
24,3/31/2019,TSLA,4541000000,80843000,340000000,28913000000,22875000000,3837000000,173682000,0.009309453,-0.320395051,-0.026411499,0.008177315,-0.036697248,1.466942149,-0.114288788,0.026315789,1.884615385,-0.017532876
25,6/30/2019,TSLA,6350000000,34829000,324000000,31873000000,24722000000,3382000000,179118000,0.012342928,-0.473676175,0.009081852,0.059290702,0.042328042,0.425181463,0.028232989,-0.076923077,-0.493333333,0.024997195
26,9/30/2019,TSLA,6303000000,51328000,334000000,32795000000,25313000000,3581000000,180000000,0.012193754,-0.207234375,0.065028225,0.026201025,-0.047715736,-0.558080313,-0.053293437,0,0.210526316,-0.01826894
27,12/31/2019,TSLA,7384000000,26000000,345000000,34309000000,26199000000,3552000000,181000000,0.008113241,0.201320047,0.071595161,0.042229998,0.036247335,-0.29787234,0.294675905,0,0.956521739,0.050617102
28,3/31/2020,TSLA,5985000000,45000000,324000000,37250000000,26518000000,4494000000,185000000,-0.00776264,-0.473298921,0.00114732,-0.008722703,-0.00617284,-6.964646465,0.093161158,0.055555556,36.16666667,-0.076039177
29,6/30/2020,TSLA,6036000000,43000000,279000000,38135000000,26754000000,4018000000,186000000,-0.08827645,-1.422867035,-0.228725763,-0.040636545,-0.232919255,0.116215072,0.408043207,2.421052632,-0.002092676,-0.056562143
30,9/30/2020,TSLA,8771000000,41000000,366000000,45691000000,28143000000,4218000000,948000000,0.087881073,2.738066762,0.054409797,0.132394626,0.021592443,-1.080504457,-0.077241253,-0.323076923,-0.999400839,0.300589008
31,12/31/2020,TSLA,10744000000,149000000,522000000,52148000000,28418000000,4101000000,960000000,0.01602243,-0.32651474,-0.202209278,0.070687354,0.054161162,1.191990577,0.10929026,-0.227272727,6,-0.032118814
32,3/31/2021,TSLA,10389000000,75000000,666000000,52972000000,28507000000,4132000000,963000000,0.028065066,-0.385739032,-0.113179196,0.087553805,0.005012531,2.10424503,0.066697113,-0.088235294,-1,0.123124408
33,6/30/2021,TSLA,11958000000,36000000,576000000,55146000000,28896000000,4733000000,984000000,0.032853318,-1.32940312,0.573156417,0.082241037,0.067331671,0.567768738,0.025802752,-0.048387097,inf,0.092368624
34,9/30/2021,TSLA,13757000000,35000000,611000000,57834000000,29340000000,5199000000,1004000000,0.021846116,-3.817313812,-0.023703672,0.056897957,-0.126168224,-0.124654963,0.007609465,-0.13559322,0.105263158,0.001502477
35,12/31/2021,TSLA,17719000000,149000000,740000000,62131000000,30548000000,5757000000,1033000000,0.033914512,-1.81668933,0.334000373,0.040808111,-0.065508021,-0.119828456,-0.038007781,-0.176470588,-0.571428571,-0.007293597
36,3/31/2022,TSLA,18756000000,197000000,865000000,66038000000,30632000000,6691000000,1036000000,0.016072818,2.225308436,0.320530482,-0.030040568,-0.097281831,-0.419891086,-0.016508083,-0.095238095,0,0.043170155
37,6/30/2022,TSLA,16934000000,82000000,667000000,68513000000,30855000000,8108000000,1041000000,0.020532989,1.868123875,0.177029959,-0.080242212,-0.082408875,-0.689970356,-0.220466654,-0.052631579,2,0.058072562
38,9/30/2022,TSLA,21454000000,97000000,733000000,74426000000,33302000000,10327000000,3158000000,0.018831434,-0.017726778,0.190360867,-0.030523642,-0.031088083,1.084462151,-0.041520201,0,-0.592592593,-0.049390295
39,12/31/2022,TSLA,24318000000,143000000,810000000,82338000000,36440000000,12839000000,3164000000,0.01609594,0.698938861,0.08014407,-0.032253445,0.048128342,-0.406345566,,0,9,-0.048450002
40,3/31/2018,META,11966000000,1927000000,2238000000,88945000000,11325000000,0,2906000000,0.013105769,0.456297511,0.036384934,0.050013829,0.005081301,-0.572287547,0.045172494,-0.047619048,0.8,0.054504315
41,6/30/2018,META,13231000000,2214000000,2523000000,90291000000,10909000000,0,2895000000,0.015614161,0.161903286,0.138620043,-0.011103063,-0.006066734,-0.446735395,-0.125672619,-0.025,-0.222222222,0.025792936
42,9/30/2018,META,13727000000,2418000000,2657000000,92452000000,12110000000,0,2885000000,0.010604734,0.019115256,-0.023339906,0.054185333,-0.002034588,2.483342744,-0.016460424,-0.025641026,0.142857143,0.007098353
43,12/31/2018,META,16692000000,2796000000,2855000000,97334000000,13207000000,0,2875000000,0.006380298,0.090647421,-0.007862085,-0.052874088,0,-0.7646296,0.036295806,0,2.25,0.008926232
44,3/31/2019,META,15077000000,2816000000,2860000000,1.09477E+11,22961000000,0,2856000000,0.009309453,-0.320395051,-0.026411499,0.008177315,-0.036697248,1.466942149,-0.114288788,0.026315789,1.884615385,-0.017532876
45,6/30/2019,META,16883000000,3307000000,3315000000,1.17006E+11,28244000000,0,2855000000,0.012342928,-0.473676175,0.009081852,0.059290702,0.042328042,0.425181463,0.028232989,-0.076923077,-0.493333333,0.024997195
46,9/30/2019,META,17648000000,3155000000,3548000000,1.24418E+11,30419000000,0,2854000000,0.012193754,-0.207234375,0.065028225,0.026201025,-0.047715736,-0.558080313,-0.053293437,0,0.210526316,-0.01826894
47,12/31/2019,META,20966000000,3491000000,3878000000,1.33376E+11,32322000000,0,2851000000,0.008113241,0.201320047,0.071595161,0.042229998,0.036247335,-0.29787234,0.294675905,0,0.956521739,0.050617102
48,3/31/2020,META,17734000000,3459000000,4015000000,1.38371E+11,33067000000,0,2851000000,-0.00776264,-0.473298921,0.00114732,-0.008722703,-0.00617284,-6.964646465,0.093161158,0.055555556,36.16666667,-0.076039177
49,6/30/2020,META,18683000000,3829000000,4462000000,1.39691E+11,29244000000,0,2850000000,-0.08827645,-1.422867035,-0.228725763,-0.040636545,-0.232919255,0.116215072,0.408043207,2.421052632,-0.002092676,-0.056562143
50,9/30/2020,META,21466000000,4194000000,4763000000,1.46437E+11,28706000000,0,2850000000,0.087881073,2.738066762,0.054409797,0.132394626,0.021592443,-1.080504457,-0.077241253,-0.323076923,-0.999400839,0.300589008
51,12/31/2020,META,27940000000,5210000000,5207000000,1.59316E+11,31026000000,0,2854000000,0.01602243,-0.32651474,-0.202209278,0.070687354,0.054161162,1.191990577,0.10929026,-0.227272727,6,-0.032118814
52,3/31/2021,META,26167000000,5131000000,5197000000,1.63523E+11,29866000000,0,2847000000,0.028065066,-0.385739032,-0.113179196,0.087553805,0.005012531,2.10424503,0.066697113,-0.088235294,-1,0.123124408
53,6/30/2021,META,29073000000,5399000000,6096000000,1.70609E+11,32382000000,0,2834000000,0.032853318,-1.32940312,0.573156417,0.082241037,0.067331671,0.567768738,0.025802752,-0.048387097,inf,0.092368624
54,9/30/2021,META,29006000000,5771000000,6316000000,1.69585E+11,36225000000,0,2814000000,0.021846116,-3.817313812,-0.023703672,0.056897957,-0.126168224,-0.124654963,0.007609465,-0.13559322,0.105263158,0.001502477
55,12/31/2021,META,33527000000,6348000000,7046000000,1.65987E+11,41108000000,0,2764000000,0.033914512,-1.81668933,0.334000373,0.040808111,-0.065508021,-0.119828456,-0.038007781,-0.176470588,-0.571428571,-0.007293597
56,3/31/2022,META,27904000000,6005000000,7707000000,1.64218E+11,40990000000,0,2725000000,0.016072818,2.225308436,0.320530482,-0.030040568,-0.097281831,-0.419891086,-0.016508083,-0.095238095,0,0.043170155
57,6/30/2022,META,28818000000,5192000000,8690000000,1.69779E+11,44012000000,0,2704000000,0.020532989,1.868123875,0.177029959,-0.080242212,-0.082408875,-0.689970356,-0.220466654,-0.052631579,2,0.058072562
58,9/30/2022,META,27710000000,5716000000,9170000000,1.78894E+11,54800000000,0,2682000000,0.018831434,-0.017726778,0.190360867,-0.030523642,-0.031088083,1.084462151,-0.041520201,0,-0.592592593,-0.049390295
59,12/31/2022,META,31920000000,8336000000,9771000000,1.85727E+11,60014000000,0,2639000000,0.01609594,0.698938861,0.08014407,-0.032253445,0.048128342,-0.406345566,,0,9,-0.048450002
60,6/30/2018,NFLX,3907000000,2290000000,299095000,22664000000,18167000000,4804000000,435458000,0.015614161,0.161903286,0.138620043,-0.011103063,-0.006066734,-0.446735395,-0.125672619,-0.025,-0.222222222,0.025792936
61,9/30/2018,NFLX,3999000000,2412000000,308620000,23366000000,18357000000,4988000000,436085000,0.010604734,0.019115256,-0.023339906,0.054185333,-0.002034588,2.483342744,-0.016460424,-0.025641026,0.142857143,0.007098353
62,12/31/2018,NFLX,4187000000,3069000000,327975000,25974000000,20736000000,5151000000,436599000,0.006380298,0.090647421,-0.007862085,-0.052874088,0,-0.7646296,0.036295806,0,2.25,0.008926232
63,3/31/2019,NFLX,4521000000,2871000000,372764000,27219000000,21516000000,0,437192000,0.009309453,-0.320395051,-0.026411499,0.008177315,-0.036697248,1.466942149,-0.114288788,0.026315789,1.884615385,-0.017532876
64,6/30/2019,NFLX,4923000000,3006000000,383233000,30171000000,24066000000,0,437835000,0.012342928,-0.473676175,0.009081852,0.059290702,0.042328042,0.425181463,0.028232989,-0.076923077,-0.493333333,0.024997195
65,9/30/2019,NFLX,5245000000,3098000000,379776000,30942000000,24080000000,0,438251000,0.012193754,-0.207234375,0.065028225,0.026201025,-0.047715736,-0.558080313,-0.053293437,0,0.210526316,-0.01826894
66,12/31/2019,NFLX,5467000000,3466000000,537227000,33976000000,26394000000,0,438807000,0.008113241,0.201320047,0.071595161,0.042229998,0.036247335,-0.29787234,0.294675905,0,0.956521739,0.050617102
67,3/31/2020,NFLX,5768000000,3600000000,453817000,35060000000,26651000000,0,439781000,-0.00776264,-0.473298921,0.00114732,-0.008722703,-0.00617284,-6.964646465,0.093161158,0.055555556,36.16666667,-0.076039177
68,6/30/2020,NFLX,6148000000,3644000000,435045000,37175000000,27841000000,0,441015000,-0.08827645,-1.422867035,-0.228725763,-0.040636545,-0.232919255,0.116215072,0.408043207,2.421052632,-0.002092676,-0.056562143
69,9/30/2020,NFLX,6436000000,3868000000,453802000,38623000000,28289000000,0,441795000,0.087881073,2.738066762,0.054409797,0.132394626,0.021592443,-1.080504457,-0.077241253,-0.323076923,-0.999400839,0.300589008
70,12/31/2020,NFLX,6644000000,4165000000,486936000,39280000000,28215000000,0,442895000,0.01602243,-0.32651474,-0.202209278,0.070687354,0.054161162,1.191990577,0.10929026,-0.227272727,6,-0.032118814
71,3/31/2021,NFLX,7163000000,3869000000,525207000,40123000000,27239000000,0,443384000,0.028065066,-0.385739032,-0.113179196,0.087553805,0.005012531,2.10424503,0.066697113,-0.088235294,-1,0.123124408
72,6/30/2021,NFLX,7342000000,4018000000,537321000,40971000000,27107000000,0,442596000,0.032853318,-1.32940312,0.573156417,0.082241037,0.067331671,0.567768738,0.025802752,-0.048387097,inf,0.092368624
73,9/30/2021,NFLX,7483000000,4207000000,563887000,42740000000,27425000000,0,442952000,0.021846116,-3.817313812,-0.023703672,0.056897957,-0.126168224,-0.124654963,0.007609465,-0.13559322,0.105263158,0.001502477
74,12/31/2021,NFLX,7709000000,5240000000,647470000,44585000000,28735000000,0,443963000,0.033914512,-1.81668933,0.334000373,0.040808111,-0.065508021,-0.119828456,-0.038007781,-0.176470588,-0.571428571,-0.007293597
75,3/31/2022,NFLX,7868000000,4285000000,657530000,45331000000,27787000000,0,444274000,0.016072818,2.225308436,0.320530482,-0.030040568,-0.097281831,-0.419891086,-0.016508083,-0.095238095,0,0.043170155
76,6/30/2022,NFLX,7970000000,4691000000,716846000,46351000000,27275000000,0,444706000,0.020532989,1.868123875,0.177029959,-0.080242212,-0.082408875,-0.689970356,-0.220466654,-0.052631579,2,0.058072562
77,9/30/2022,NFLX,7926000000,4789000000,662739000,47562000000,27034000000,0,445020000,0.018831434,-0.017726778,0.190360867,-0.030523642,-0.031088083,1.084462151,-0.041520201,0,-0.592592593,-0.049390295
78,12/31/2022,NFLX,7852000000,5404000000,673926000,48595000000,27817000000,0,445347000,0.01609594,0.698938861,0.08014407,-0.032253445,0.048128342,-0.406345566,,0,9,-0.048450002
79,3/31/2023,NFLX,8162000000,4804000000,687275000,49490000000,27662000000,0,444537000,,-0.007773642,0.007543269,0.038445263,0.098639456,0.224082421,,-0.027777778,,
80,4/30/2018,CRM,6180000000,767000000,424000000,22963000000,11903000000,0,729000000,0.015614161,0.161903286,0.138620043,-0.011103063,-0.006066734,-0.446735395,-0.125672619,-0.025,-0.222222222,0.025792936
81,7/31/2018,CRM,3384000000,849000000,463000000,25823000000,12295000000,0,747000000,0.010604734,0.019115256,-0.023339906,0.054185333,-0.002034588,2.483342744,-0.016460424,-0.025641026,0.142857143,0.007098353
82,10/31/2018,CRM,3356000000,889000000,481000000,26588000000,11895000000,0,760000000,0.006380298,0.090647421,-0.007862085,-0.052874088,0,-0.7646296,0.036295806,0,2.25,0.008926232
83,1/31/2019,CRM,3603000000,946000000,518000000,30737000000,15132000000,0,770000000,0.009309453,-0.320395051,-0.026411499,0.008177315,-0.036697248,1.466942149,-0.114288788,0.026315789,1.884615385,-0.017532876
84,4/30/2019,CRM,3964000000,914000000,554000000,33154000000,16708000000,0,771000000,0.012342928,-0.473676175,0.009081852,0.059290702,0.042328042,0.425181463,0.028232989,-0.076923077,-0.493333333,0.024997195
85,7/31/2019,CRM,4029000000,967000000,607000000,33336000000,16170000000,0,776000000,0.012193754,-0.207234375,0.065028225,0.026201025,-0.047715736,-0.558080313,-0.053293437,0,0.210526316,-0.01826894
86,10/31/2019,CRM,4625000000,1134000000,774000000,49942000000,16663000000,0,879000000,0.008113241,0.201320047,0.071595161,0.042229998,0.036247335,-0.29787234,0.294675905,0,0.956521739,0.050617102
87,1/31/2020,CRM,4851000000,1220000000,831000000,55126000000,21241000000,0,893000000,-0.00776264,-0.473298921,0.00114732,-0.008722703,-0.00617284,-6.964646465,0.093161158,0.055555556,36.16666667,-0.076039177
88,4/30/2020,CRM,5199000000,1254000000,859000000,53623000000,19058000000,0,896000000,-0.08827645,-1.422867035,-0.228725763,-0.040636545,-0.232919255,0.116215072,0.408043207,2.421052632,-0.002092676,-0.056562143
89,7/31/2020,CRM,5294000000,1311000000,898000000,57780000000,19340000000,0,904000000,0.087881073,2.738066762,0.054409797,0.132394626,0.021592443,-1.080504457,-0.077241253,-0.323076923,-0.999400839,0.300589008
90,10/31/2020,CRM,5412000000,1394000000,902000000,59136000000,18826000000,0,911000000,0.01602243,-0.32651474,-0.202209278,0.070687354,0.054161162,1.191990577,0.10929026,-0.227272727,6,-0.032118814
91,1/31/2021,CRM,6122000000,1479000000,939000000,66301000000,24808000000,0,919000000,0.028065066,-0.385739032,-0.113179196,0.087553805,0.005012531,2.10424503,0.066697113,-0.088235294,-1,0.123124408
92,4/30/2021,CRM,6369000000,1555000000,951000000,64885000000,22318000000,0,921000000,0.032853318,-1.32940312,0.573156417,0.082241037,0.067331671,0.567768738,0.025802752,-0.048387097,inf,0.092368624
93,7/31/2021,CRM,7085000000,1613000000,1020000000,88658000000,33138000000,0,933000000,0.021846116,-3.817313812,-0.023703672,0.056897957,-0.126168224,-0.124654963,0.007609465,-0.13559322,0.105263158,0.001502477
94,10/31/2021,CRM,7403000000,1844000000,1203000000,87436000000,30382000000,0,980000000,0.033914512,-1.81668933,0.334000373,0.040808111,-0.065508021,-0.119828456,-0.038007781,-0.176470588,-0.571428571,-0.007293597
95,1/31/2022,CRM,7272000000,2014000000,1291000000,95209000000,37078000000,0,989000000,0.016072818,2.225308436,0.320530482,-0.030040568,-0.097281831,-0.419891086,-0.016508083,-0.095238095,0,0.043170155
96,4/30/2022,CRM,7492000000,2045000000,1318000000,93022000000,34146000000,0,991000000,0.020532989,1.868123875,0.177029959,-0.080242212,-0.082408875,-0.689970356,-0.220466654,-0.052631579,2,0.058072562
97,7/31/2022,CRM,7839000000,2127000000,1329000000,94148000000,34050000000,0,997000000,0.018831434,-0.017726778,0.190360867,-0.030523642,-0.031088083,1.084462151,-0.041520201,0,-0.592592593,-0.049390295
98,10/31/2022,CRM,7786000000,2088000000,1280000000,91884000000,32533000000,0,997000000,0.01609594,0.698938861,0.08014407,-0.032253445,0.048128342,-0.406345566,,0,9,-0.048450002
99,1/31/2023,CRM,8096000000,2100000000,1128000000,98849000000,40490000000,0,1009000000,,-0.007773642,0.007543269,0.038445263,0.098639456,0.224082421,,-0.027777778,,
100,3/31/2018,AMD,1615000000,1050000000,343000000,3763000000,3048000000,715000000,969000000,0.013105769,0.456297511,0.036384934,0.050013829,0.005081301,-0.572287547,0.045172494,-0.047619048,0.8,0.054504315
101,6/30/2018,AMD,1725000000,1104000000,357000000,4103000000,3224000000,750000000,975000000,0.015614161,0.161903286,0.138620043,-0.011103063,-0.006066734,-0.446735395,-0.125672619,-0.025,-0.222222222,0.025792936
102,9/30/2018,AMD,1623000000,992000000,363000000,4347000000,3222000000,738000000,999000000,0.010604734,0.019115256,-0.023339906,0.054185333,-0.002034588,2.483342744,-0.016460424,-0.025641026,0.142857143,0.007098353
103,12/31/2018,AMD,1390000000,882000000,371000000,4556000000,3290000000,845000000,1005000000,0.006380298,0.090647421,-0.007862085,-0.052874088,0,-0.7646296,0.036295806,0,2.25,0.008926232
104,3/31/2019,AMD,1291000000,751000000,373000000,4931000000,3143000000,955000000,1082000000,0.009309453,-0.320395051,-0.026411499,0.008177315,-0.036697248,1.466942149,-0.114288788,0.026315789,1.884615385,-0.017532876
105,6/30/2019,AMD,1506000000,910000000,373000000,5102000000,3201000000,1015000000,1086000000,0.012342928,-0.473676175,0.009081852,0.059290702,0.042328042,0.425181463,0.028232989,-0.076923077,-0.493333333,0.024997195
106,9/30/2019,AMD,1737000000,1024000000,406000000,5253000000,3077000000,1040000000,1114000000,0.012193754,-0.207234375,0.065028225,0.026201025,-0.047715736,-0.558080313,-0.053293437,0,0.210526316,-0.01826894
107,12/31/2019,AMD,2109000000,1178000000,395000000,6028000000,3201000000,982000000,1170000000,0.008113241,0.201320047,0.071595161,0.042229998,0.036247335,-0.29787234,0.294675905,0,0.956521739,0.050617102
108,3/31/2020,AMD,1755000000,968000000,442000000,5864000000,2827000000,1056000000,1171000000,-0.00776264,-0.473298921,0.00114732,-0.008722703,-0.00617284,-6.964646465,0.093161158,0.055555556,36.16666667,-0.076039177
109,6/30/2020,AMD,1918000000,1084000000,460000000,6583000000,3278000000,1324000000,1174000000,-0.08827645,-1.422867035,-0.228725763,-0.040636545,-0.232919255,0.116215072,0.408043207,2.421052632,-0.002092676,-0.056562143
110,9/30/2020,AMD,2790000000,1571000000,508000000,7023000000,3156000000,1292000000,1202000000,0.087881073,2.738066762,0.054409797,0.132394626,0.021592443,-1.080504457,-0.077241253,-0.323076923,-0.999400839,0.300589008
111,12/31/2020,AMD,3235000000,1793000000,573000000,8962000000,3125000000,1399000000,1211000000,0.01602243,-0.32651474,-0.202209278,0.070687354,0.054161162,1.191990577,0.10929026,-0.227272727,6,-0.032118814
112,3/31/2021,AMD,3422000000,1858000000,610000000,10047000000,3570000000,1653000000,1215000000,0.028065066,-0.385739032,-0.113179196,0.087553805,0.005012531,2.10424503,0.066697113,-0.088235294,-1,0.123124408
113,6/30/2021,AMD,3840000000,2020000000,659000000,10691000000,3626000000,1765000000,1213000000,0.032853318,-1.32940312,0.573156417,0.082241037,0.067331671,0.567768738,0.025802752,-0.048387097,inf,0.092368624
114,9/30/2021,AMD,4306000000,2227000000,765000000,11153000000,4017000000,1902000000,1212000000,0.021846116,-3.817313812,-0.023703672,0.056897957,-0.126168224,-0.124654963,0.007609465,-0.13559322,0.105263158,0.001502477
115,12/31/2021,AMD,4845000000,2400000000,811000000,12419000000,4922000000,1955000000,1207000000,0.033914512,-1.81668933,0.334000373,0.040808111,-0.065508021,-0.119828456,-0.038007781,-0.176470588,-0.571428571,-0.007293597
116,3/31/2022,AMD,5859000000,3069000000,1060000000,66915000000,11582000000,2431000000,1620000000,0.016072818,2.225308436,0.320530482,-0.030040568,-0.097281831,-0.419891086,-0.016508083,-0.095238095,0,0.043170155
117,6/30/2022,AMD,6525000000,3522000000,1300000000,67502000000,12333000000,2648000000,1612000000,0.020532989,1.868123875,0.177029959,-0.080242212,-0.082408875,-0.689970356,-0.220466654,-0.052631579,2,0.058072562
118,9/30/2022,AMD,5534000000,3211000000,1279000000,67811000000,13269000000,3369000000,1612000000,0.018831434,-0.017726778,0.190360867,-0.030523642,-0.031088083,1.084462151,-0.041520201,0,-0.592592593,-0.049390295
119,12/31/2022,AMD,5732000000,3196000000,1366000000,67580000000,12830000000,3771000000,1612000000,0.01609594,0.698938861,0.08014407,-0.032253445,0.048128342,-0.406345566,,0,9,-0.048450002
120,3/31/2018,INTC,16678000000,6335000000,3311000000,1.28596E+11,58431000000,7146000000,4660000000,0.013105769,0.456297511,0.036384934,0.050013829,0.005081301,-0.572287547,0.045172494,-0.047619048,0.8,0.054504315
121,6/30/2018,INTC,16713000000,6543000000,3371000000,1.25972E+11,55925000000,7344000000,4611000000,0.015614161,0.161903286,0.138620043,-0.011103063,-0.006066734,-0.446735395,-0.125672619,-0.025,-0.222222222,0.025792936
122,9/30/2018,INTC,18829000000,6803000000,3428000000,1.28242E+11,56759000000,7401000000,4564000000,0.010604734,0.019115256,-0.023339906,0.054185333,-0.002034588,2.483342744,-0.016460424,-0.025641026,0.142857143,0.007098353
123,12/31/2018,INTC,18495000000,7430000000,3433000000,1.27963E+11,53400000000,7253000000,4516000000,0.006380298,0.090647421,-0.007862085,-0.052874088,0,-0.7646296,0.036295806,0,2.25,0.008926232
124,3/31/2019,INTC,15733000000,6972000000,3332000000,1.29458E+11,55797000000,7765000000,4477000000,0.009309453,-0.320395051,-0.026411499,0.008177315,-0.036697248,1.466942149,-0.114288788,0.026315789,1.884615385,-0.017532876
125,6/30/2019,INTC,16337000000,6627000000,3438000000,1.30759E+11,55812000000,8696000000,4430000000,0.012342928,-0.473676175,0.009081852,0.059290702,0.042328042,0.425181463,0.028232989,-0.076923077,-0.493333333,0.024997195
126,9/30/2019,INTC,19029000000,7895000000,3208000000,1.33768E+11,59526000000,8638000000,4350000000,0.012193754,-0.207234375,0.065028225,0.026201025,-0.047715736,-0.558080313,-0.053293437,0,0.210526316,-0.01826894
127,12/31/2019,INTC,19998000000,8331000000,3384000000,1.36524E+11,59020000000,8744000000,4290000000,0.008113241,0.201320047,0.071595161,0.042229998,0.036247335,-0.29787234,0.294675905,0,0.956521739,0.050617102
128,3/31/2020,INTC,19686000000,7812000000,3275000000,1.4771E+11,71356000000,9246000000,4234000000,-0.00776264,-0.473298921,0.00114732,-0.008722703,-0.00617284,-6.964646465,0.093161158,0.055555556,36.16666667,-0.076039177
129,6/30/2020,INTC,19487000000,9221000000,3354000000,1.52539E+11,70529000000,8969000000,4253000000,-0.08827645,-1.422867035,-0.228725763,-0.040636545,-0.232919255,0.116215072,0.408043207,2.421052632,-0.002092676,-0.056562143
130,9/30/2020,INTC,18161000000,8592000000,3272000000,1.45261E+11,70707000000,9273000000,4098000000,0.087881073,2.738066762,0.054409797,0.132394626,0.021592443,-1.080504457,-0.077241253,-0.323076923,-0.999400839,0.300589008
131,12/31/2020,INTC,19663000000,8630000000,3655000000,1.53091E+11,72018000000,8427000000,4062000000,0.01602243,-0.32651474,-0.202209278,0.070687354,0.054161162,1.191990577,0.10929026,-0.227272727,6,-0.032118814
132,3/31/2021,INTC,19398000000,8819000000,3623000000,1.50622E+11,70815000000,8487000000,4038000000,0.028065066,-0.385739032,-0.113179196,0.087553805,0.005012531,2.10424503,0.066697113,-0.088235294,-1,0.123124408
133,6/30/2021,INTC,19476000000,8425000000,3715000000,1.54597E+11,69390000000,8817000000,4057000000,0.032853318,-1.32940312,0.573156417,0.082241037,0.067331671,0.567768738,0.025802752,-0.048387097,inf,0.092368624
134,9/30/2021,INTC,19002000000,8446000000,3803000000,1.67962E+11,77875000000,9798000000,4067000000,0.021846116,-3.817313812,-0.023703672,0.056897957,-0.126168224,-0.124654963,0.007609465,-0.13559322,0.105263158,0.001502477
135,12/31/2021,INTC,20324000000,9519000000,4049000000,1.68406E+11,73015000000,10776000000,4070000000,0.033914512,-1.81668933,0.334000373,0.040808111,-0.065508021,-0.119828456,-0.038007781,-0.176470588,-0.571428571,-0.007293597
136,3/31/2022,INTC,18353000000,9109000000,4362000000,1.76356E+11,73220000000,11935000000,4089000000,0.016072818,2.225308436,0.320530482,-0.030040568,-0.097281831,-0.419891086,-0.016508083,-0.095238095,0,0.043170155
137,6/30/2022,INTC,15321000000,9734000000,4400000000,1.70418E+11,69200000000,12174000000,4106000000,0.020532989,1.868123875,0.177029959,-0.080242212,-0.082408875,-0.689970356,-0.220466654,-0.052631579,2,0.058072562
138,9/30/2022,INTC,15338000000,8803000000,4302000000,1.74841E+11,74956000000,12831000000,4127000000,0.018831434,-0.017726778,0.190360867,-0.030523642,-0.031088083,1.084462151,-0.041520201,0,-0.592592593,-0.049390295
139,12/31/2022,INTC,14042000000,8542000000,4464000000,1.82103E+11,80680000000,13224000000,4137000000,0.01609594,0.698938861,0.08014407,-0.032253445,0.048128342,-0.406345566,,0,9,-0.048450002
140,3/31/2018,PYPL,7375000000,1580000000,258000000,42322000000,27681000000,6537000000,1183000000,0.013105769,0.456297511,0.036384934,0.050013829,0.005081301,-0.572287547,0.045172494,-0.047619048,0.8,0.054504315
141,6/30/2018,PYPL,3857000000,1696000000,255000000,41677000000,26658000000,6870000000,1184000000,0.015614161,0.161903286,0.138620043,-0.011103063,-0.006066734,-0.446735395,-0.125672619,-0.025,-0.222222222,0.025792936
142,9/30/2018,PYPL,3661000000,1661000000,269000000,43724000000,28609000000,0,1178000000,0.010604734,0.019115256,-0.023339906,0.054185333,-0.002034588,2.483342744,-0.016460424,-0.025641026,0.142857143,0.007098353
143,12/31/2018,PYPL,4283000000,3400000000,289000000,43332000000,27946000000,0,1174000000,0.006380298,0.090647421,-0.007862085,-0.052874088,0,-0.7646296,0.036295806,0,2.25,0.008926232
144,3/31/2019,PYPL,4128000000,2278000000,511000000,46280000000,31123000000,0,1172000000,0.009309453,-0.320395051,-0.026411499,0.008177315,-0.036697248,1.466942149,-0.114288788,0.026315789,1.884615385,-0.017532876
145,6/30/2019,PYPL,4305000000,2344000000,483000000,48391000000,32252000000,0,1177000000,0.012342928,-0.473676175,0.009081852,0.059290702,0.042328042,0.425181463,0.028232989,-0.076923077,-0.493333333,0.024997195
146,9/30/2019,PYPL,4378000000,2431000000,533000000,50223000000,33740000000,0,1174000000,0.012193754,-0.207234375,0.065028225,0.026201025,-0.047715736,-0.558080313,-0.053293437,0,0.210526316,-0.01826894
147,12/31/2019,PYPL,4961000000,2732000000,558000000,51333000000,34404000000,0,1173000000,0.008113241,0.201320047,0.071595161,0.042229998,0.036247335,-0.29787234,0.294675905,0,0.956521739,0.050617102
148,3/31/2020,PYPL,4618000000,2729000000,605000000,54266000000,38255000000,0,1173000000,-0.00776264,-0.473298921,0.00114732,-0.008722703,-0.00617284,-6.964646465,0.093161158,0.055555556,36.16666667,-0.076039177
149,6/30/2020,PYPL,5261000000,2283000000,631000000,63166000000,45482000000,0,1173000000,-0.08827645,-1.422867035,-0.228725763,-0.040636545,-0.232919255,0.116215072,0.408043207,2.421052632,-0.002092676,-0.056562143
150,9/30/2020,PYPL,5459000000,2366000000,674000000,65582000000,47055000000,0,1172000000,0.087881073,2.738066762,0.054409797,0.132394626,0.021592443,-1.080504457,-0.077241253,-0.323076923,-0.999400839,0.300589008
151,12/31/2020,PYPL,6116000000,2696000000,732000000,70379000000,50316000000,0,1172000000,0.01602243,-0.32651474,-0.202209278,0.070687354,0.054161162,1.191990577,0.10929026,-0.227272727,6,-0.032118814
152,3/31/2021,PYPL,6033000000,3066000000,741000000,72517000000,53076000000,0,1174000000,0.028065066,-0.385739032,-0.113179196,0.087553805,0.005012531,2.10424503,0.066697113,-0.088235294,-1,0.123124408
153,6/30/2021,PYPL,6238000000,2693000000,746000000,73816000000,52911000000,0,1175000000,0.032853318,-1.32940312,0.573156417,0.082241037,0.067331671,0.567768738,0.025802752,-0.048387097,inf,0.092368624
154,9/30/2021,PYPL,6182000000,2832000000,755000000,74534000000,52444000000,0,1174000000,0.021846116,-3.817313812,-0.023703672,0.056897957,-0.126168224,-0.124654963,0.007609465,-0.13559322,0.105263158,0.001502477
155,12/31/2021,PYPL,6918000000,3302000000,796000000,75803000000,54076000000,0,1168000000,0.033914512,-1.81668933,0.334000373,0.040808111,-0.065508021,-0.119828456,-0.038007781,-0.176470588,-0.571428571,-0.007293597
156,3/31/2022,PYPL,6483000000,3186000000,815000000,75805000000,55202000000,0,1161000000,0.016072818,2.225308436,0.320530482,-0.030040568,-0.097281831,-0.419891086,-0.016508083,-0.095238095,0,0.043170155
157,6/30/2022,PYPL,6806000000,3492000000,815000000,77810000000,58043000000,0,1156000000,0.020532989,1.868123875,0.177029959,-0.080242212,-0.082408875,-0.689970356,-0.220466654,-0.052631579,2,0.058072562
158,9/30/2022,PYPL,6846000000,3355000000,801000000,76435000000,56171000000,0,1147000000,0.018831434,-0.017726778,0.190360867,-0.030523642,-0.031088083,1.084462151,-0.041520201,0,-0.592592593,-0.049390295
159,12/31/2022,PYPL,7383000000,3712000000,822000000,78717000000,58443000000,0,1136000000,0.01609594,0.698938861,0.08014407,-0.032253445,0.048128342,-0.406345566,,0,9,-0.048450002
160,3/31/2018,ATVI,1965000000,662000000,259000000,18397000000,8578000000,42000000,759000000,0.013105769,0.456297511,0.036384934,0.050013829,0.005081301,-0.572287547,0.045172494,-0.047619048,0.8,0.054504315
161,6/30/2018,ATVI,1641000000,510000000,255000000,17958000000,7612000000,36000000,761000000,0.015614161,0.161903286,0.138620043,-0.011103063,-0.006066734,-0.446735395,-0.125672619,-0.025,-0.222222222,0.025792936
162,9/30/2018,ATVI,1440000000,513000000,263000000,16713000000,6054000000,174000000,763000000,0.010604734,0.019115256,-0.023339906,0.054185333,-0.002034588,2.483342744,-0.016460424,-0.025641026,0.142857143,0.007098353
163,12/31/2018,ATVI,2381000000,832000000,325000000,17890000000,6498000000,43000000,765000000,0.006380298,0.090647421,-0.007862085,-0.052874088,0,-0.7646296,0.036295806,0,2.25,0.008926232
164,3/31/2019,ATVI,1802000000,563000000,249000000,17948000000,6352000000,45000000,764000000,0.009309453,-0.320395051,-0.026411499,0.008177315,-0.036697248,1.466942149,-0.114288788,0.026315789,1.884615385,-0.017532876
165,6/30/2019,ATVI,1373000000,433000000,244000000,17495000000,5518000000,46000000,766000000,0.012342928,-0.473676175,0.009081852,0.059290702,0.042328042,0.425181463,0.028232989,-0.076923077,-0.493333333,0.024997195
166,9/30/2019,ATVI,1259000000,442000000,210000000,17805000000,5570000000,102000000,767000000,0.012193754,-0.207234375,0.065028225,0.026201025,-0.047715736,-0.558080313,-0.053293437,0,0.210526316,-0.01826894
167,12/31/2019,ATVI,1986000000,657000000,296000000,19845000000,7040000000,32000000,770000000,0.008113241,0.201320047,0.071595161,0.042229998,0.036247335,-0.29787234,0.294675905,0,0.956521739,0.050617102
168,3/31/2020,ATVI,1765000000,505000000,238000000,19604000000,6583000000,0,769000000,-0.00776264,-0.473298921,0.00114732,-0.008722703,-0.00617284,-6.964646465,0.093161158,0.055555556,36.16666667,-0.076039177
169,6/30/2020,ATVI,1909000000,469000000,291000000,20220000000,6538000000,0,771000000,-0.08827645,-1.422867035,-0.228725763,-0.040636545,-0.232919255,0.116215072,0.408043207,2.421052632,-0.002092676,-0.056562143
170,9/30/2020,ATVI,1896000000,469000000,274000000,21577000000,7195000000,0,772000000,0.087881073,2.738066762,0.054409797,0.132394626,0.021592443,-1.080504457,-0.077241253,-0.323076923,-0.999400839,0.300589008
171,12/31/2020,ATVI,2385000000,817000000,348000000,23109000000,8072000000,0,771000000,0.01602243,-0.32651474,-0.202209278,0.070687354,0.054161162,1.191990577,0.10929026,-0.227272727,6,-0.032118814
172,3/31/2021,ATVI,2247000000,578000000,353000000,23425000000,8094000000,0,775000000,0.028065066,-0.385739032,-0.113179196,0.087553805,0.005012531,2.10424503,0.066697113,-0.088235294,-1,0.123124408
173,6/30/2021,ATVI,2285000000,555000000,335000000,23572000000,7286000000,0,777000000,0.032853318,-1.32940312,0.573156417,0.082241037,0.067331671,0.567768738,0.025802752,-0.048387097,inf,0.092368624
174,9/30/2021,ATVI,2043000000,527000000,329000000,23977000000,7027000000,0,778000000,0.021846116,-3.817313812,-0.023703672,0.056897957,-0.126168224,-0.124654963,0.007609465,-0.13559322,0.105263158,0.001502477
175,12/31/2021,ATVI,2136000000,658000000,321000000,25056000000,7457000000,0,777000000,0.033914512,-1.81668933,0.334000373,0.040808111,-0.065508021,-0.119828456,-0.038007781,-0.176470588,-0.571428571,-0.007293597
176,3/31/2022,ATVI,1741000000,479000000,346000000,25012000000,7181000000,0,780000000,0.016072818,2.225308436,0.320530482,-0.030040568,-0.097281831,-0.419891086,-0.016508083,-0.095238095,0,0.043170155
177,6/30/2022,ATVI,1617000000,485000000,311000000,24994000000,6746000000,0,782000000,0.020532989,1.868123875,0.177029959,-0.080242212,-0.082408875,-0.689970356,-0.220466654,-0.052631579,2,0.058072562
178,9/30/2022,ATVI,1755000000,502000000,277000000,25620000000,6812000000,0,782000000,0.018831434,-0.017726778,0.190360867,-0.030523642,-0.031088083,1.084462151,-0.041520201,0,-0.592592593,-0.049390295
179,12/31/2022,ATVI,2307000000,756000000,486000000,27383000000,8140000000,0,785000000,0.01609594,0.698938861,0.08014407,-0.032253445,0.048128342,-0.406345566,,0,9,-0.048450002
180,3/31/2018,EA,1582000000,233000000,335000000,8584000000,3989000000,0,306000000,0.013105769,0.456297511,0.036384934,0.050013829,0.005081301,-0.572287547,0.045172494,-0.047619048,0.8,0.054504315
181,6/30/2018,EA,1137000000,215000000,362000000,8247000000,2987000000,0,305000000,0.015614161,0.161903286,0.138620043,-0.011103063,-0.006066734,-0.446735395,-0.125672619,-0.025,-0.222222222,0.025792936
182,9/30/2018,EA,1286000000,418000000,339000000,8450000000,3133000000,0,304000000,0.010604734,0.019115256,-0.023339906,0.054185333,-0.002034588,2.483342744,-0.016460424,-0.025641026,0.142857143,0.007098353
183,12/31/2018,EA,1289000000,413000000,334000000,8857000000,3513000000,0,302000000,0.006380298,0.090647421,-0.007862085,-0.052874088,0,-0.7646296,0.036295806,0,2.25,0.008926232
184,3/31/2019,EA,1238000000,276000000,398000000,8957000000,3626000000,0,298000000,0.009309453,-0.320395051,-0.026411499,0.008177315,-0.036697248,1.466942149,-0.114288788,0.026315789,1.884615385,-0.017532876
185,6/30/2019,EA,1209000000,187000000,381000000,9749000000,3264000000,0,296000000,0.012342928,-0.473676175,0.009081852,0.059290702,0.042328042,0.425181463,0.028232989,-0.076923077,-0.493333333,0.024997195
186,9/30/2019,EA,1348000000,405000000,387000000,10593000000,3435000000,0,293000000,0.012193754,-0.207234375,0.065028225,0.026201025,-0.047715736,-0.558080313,-0.053293437,0,0.210526316,-0.01826894
187,12/31/2019,EA,1593000000,508000000,389000000,11161000000,3924000000,0,291000000,0.008113241,0.201320047,0.071595161,0.042229998,0.036247335,-0.29787234,0.294675905,0,0.956521739,0.050617102
188,3/31/2020,EA,1387000000,269000000,402000000,11112000000,3651000000,0,288000000,-0.00776264,-0.473298921,0.00114732,-0.008722703,-0.00617284,-6.964646465,0.093161158,0.055555556,36.16666667,-0.076039177
189,6/30/2020,EA,1459000000,288000000,438000000,11284000000,3502000000,0,289000000,-0.08827645,-1.422867035,-0.228725763,-0.040636545,-0.232919255,0.116215072,0.408043207,2.421052632,-0.002092676,-0.056562143
190,9/30/2020,EA,1151000000,286000000,421000000,11470000000,3395000000,0,290000000,0.087881073,2.738066762,0.054409797,0.132394626,0.021592443,-1.080504457,-0.077241253,-0.323076923,-0.999400839,0.300589008
191,12/31/2020,EA,1673000000,601000000,451000000,12420000000,4457000000,0,288000000,0.01602243,-0.32651474,-0.202209278,0.070687354,0.054161162,1.191990577,0.10929026,-0.227272727,6,-0.032118814
192,3/31/2021,EA,1346000000,319000000,468000000,13288000000,5448000000,0,286000000,0.028065066,-0.385739032,-0.113179196,0.087553805,0.005012531,2.10424503,0.066697113,-0.088235294,-1,0.123124408
193,6/30/2021,EA,1551000000,315000000,515000000,12734000000,5006000000,0,285000000,0.032853318,-1.32940312,0.573156417,0.082241037,0.067331671,0.567768738,0.025802752,-0.048387097,inf,0.092368624
194,9/30/2021,EA,1826000000,494000000,553000000,13019000000,5163000000,0,284000000,0.021846116,-3.817313812,-0.023703672,0.056897957,-0.126168224,-0.124654963,0.007609465,-0.13559322,0.105263158,0.001502477
195,12/31/2021,EA,1789000000,631000000,539000000,13930000000,6313000000,0,282000000,0.033914512,-1.81668933,0.334000373,0.040808111,-0.065508021,-0.119828456,-0.038007781,-0.176470588,-0.571428571,-0.007293597
196,3/31/2022,EA,1825000000,419000000,579000000,13800000000,6175000000,0,280000000,0.016072818,2.225308436,0.320530482,-0.030040568,-0.097281831,-0.419891086,-0.016508083,-0.095238095,0,0.043170155
197,6/30/2022,EA,1767000000,314000000,572000000,13192000000,5551000000,0,279000000,0.020532989,1.868123875,0.177029959,-0.080242212,-0.082408875,-0.689970356,-0.220466654,-0.052631579,2,0.058072562
198,9/30/2022,EA,1904000000,462000000,565000000,13079000000,5281000000,0,278000000,0.018831434,-0.017726778,0.190360867,-0.030523642,-0.031088083,1.084462151,-0.041520201,0,-0.592592593,-0.049390295
199,12/31/2022,EA,1881000000,568000000,556000000,13470000000,5919000000,0,275000000,0.01609594,0.698938861,0.08014407,-0.032253445,0.048128342,-0.406345566,,0,9,-0.048450002
200,3/31/2018,TTD,84968000,22897000,17701000,739056000,476125000,0,41629000,0.013105769,0.456297511,0.036384934,0.050013829,0.005081301,-0.572287547,0.045172494,-0.047619048,0.8,0.054504315
201,6/30/2018,TTD,111269000,26601000,19484000,839405000,538431000,0,42174000,0.015614161,0.161903286,0.138620043,-0.011103063,-0.006066734,-0.446735395,-0.125672619,-0.025,-0.222222222,0.025792936
202,9/30/2018,TTD,118667000,29344000,22621000,873713000,536699000,0,42721000,0.010604734,0.019115256,-0.023339906,0.054185333,-0.002034588,2.483342744,-0.016460424,-0.025641026,0.142857143,0.007098353
203,12/31/2018,TTD,158921000,35256000,24086000,1118000000,723305000,0,43234000,0.006380298,0.090647421,-0.007862085,-0.052874088,0,-0.7646296,0.036295806,0,2.25,0.008926232
204,3/31/2019,TTD,120654000,33651000,25312000,1082000000,652979000,0,43906000,0.009309453,-0.320395051,-0.026411499,0.008177315,-0.036697248,1.466942149,-0.114288788,0.026315789,1.884615385,-0.017532876
205,6/30/2019,TTD,161598000,35330000,29452000,1239000000,747230000,0,44404000,0.012342928,-0.473676175,0.009081852,0.059290702,0.042328042,0.425181463,0.028232989,-0.076923077,-0.493333333,0.024997195
206,9/30/2019,TTD,166366000,39932000,29185000,1415000000,879647000,0,44771000,0.012193754,-0.207234375,0.065028225,0.026201025,-0.047715736,-0.558080313,-0.053293437,0,0.210526316,-0.01826894
207,12/31/2019,TTD,217423000,47267000,32803000,1729000000,1116000000,0,45043000,0.008113241,0.201320047,0.071595161,0.042229998,0.036247335,-0.29787234,0.294675905,0,0.956521739,0.050617102
208,3/31/2020,TTD,161508000,40208000,36794000,1767000000,1093000000,0,45501000,-0.00776264,-0.473298921,0.00114732,-0.008722703,-0.00617284,-6.964646465,0.093161158,0.055555556,36.16666667,-0.076039177
209,6/30/2020,TTD,139762000,42133000,40058000,1849000000,1091000000,0,46136000,-0.08827645,-1.422867035,-0.228725763,-0.040636545,-0.232919255,0.116215072,0.408043207,2.421052632,-0.002092676,-0.056562143
210,9/30/2020,TTD,216826000,44826000,41079000,2138000000,1306000000,0,46582000,0.087881073,2.738066762,0.054409797,0.132394626,0.021592443,-1.080504457,-0.077241253,-0.323076923,-0.999400839,0.300589008
211,12/31/2020,TTD,321251000,51645000,48723000,2754000000,1740000000,0,46923000,0.01602243,-0.32651474,-0.202209278,0.070687354,0.054161162,1.191990577,0.10929026,-0.227272727,6,-0.032118814
212,3/31/2021,TTD,220769000,50500000,53918000,2603000000,1518000000,0,47282000,0.028065066,-0.385739032,-0.113179196,0.087553805,0.005012531,2.10424503,0.066697113,-0.088235294,-1,0.123124408
213,6/30/2021,TTD,280282000,50809000,53536000,2793000000,1591000000,0,475512000,0.032853318,-1.32940312,0.573156417,0.082241037,0.067331671,0.567768738,0.025802752,-0.048387097,inf,0.092368624
214,9/30/2021,TTD,300372000,53400000,55847000,2989000000,1686000000,0,478101000,0.021846116,-3.817313812,-0.023703672,0.056897957,-0.126168224,-0.124654963,0.007609465,-0.13559322,0.105263158,0.001502477
215,12/31/2021,TTD,394997000,66845000,62836000,3577000000,2050000000,0,480916000,0.033914512,-1.81668933,0.334000373,0.040808111,-0.065508021,-0.119828456,-0.038007781,-0.176470588,-0.571428571,-0.007293597
216,3/31/2022,TTD,315668000,63890000,71999000,3433000000,1784000000,0,484190000,0.016072818,2.225308436,0.320530482,-0.030040568,-0.097281831,-0.419891086,-0.016508083,-0.095238095,0,0.043170155
217,6/30/2022,TTD,377922000,67490000,83483000,3673000000,1893000000,0,486310000,0.020532989,1.868123875,0.177029959,-0.080242212,-0.082408875,-0.689970356,-0.220466654,-0.052631579,2,0.058072562
218,9/30/2022,TTD,397106000,70124000,79915000,3924000000,2010000000,0,487963000,0.018831434,-0.017726778,0.190360867,-0.030523642,-0.031088083,1.084462151,-0.041520201,0,-0.592592593,-0.049390295
219,12/31/2022,TTD,503305000,79619000,84479000,4381000000,2265000000,0,489244000,0.01609594,0.698938861,0.08014407,-0.032253445,0.048128342,-0.406345566,,0,9,-0.048450002
220,3/31/2018,MTCH,995075000,201962000,76937000,6031000000,3536000000,0,82983000,0.013105769,0.456297511,0.036384934,0.050013829,0.005081301,-0.572287547,0.045172494,-0.047619048,0.8,0.054504315
221,6/30/2018,MTCH,1069000000,218224000,75445000,6235000000,3659000000,0,83604000,0.015614161,0.161903286,0.138620043,-0.011103063,-0.006066734,-0.446735395,-0.125672619,-0.025,-0.222222222,0.025792936
222,9/30/2018,MTCH,1079000000,237238000,77740000,6372000000,3772000000,0,83433000,0.010604734,0.019115256,-0.023339906,0.054185333,-0.002034588,2.483342744,-0.016460424,-0.025641026,0.142857143,0.007098353
223,12/31/2018,MTCH,1117000000,-247424000,-98092000,6875000000,4031000000,0,83602000,0.006380298,0.090647421,-0.007862085,-0.052874088,0,-0.7646296,0.036295806,0,2.25,0.008926232
224,3/31/2019,MTCH,464625000,120224000,88700000,7160000000,4380000000,0,83905000,0.009309453,-0.320395051,-0.026411499,0.008177315,-0.036697248,1.466942149,-0.114288788,0.026315789,1.884615385,-0.017532876
225,6/30/2019,MTCH,497973000,126665000,32680000,8299000000,5316000000,0,84139000,0.012342928,-0.473676175,0.009081852,0.059290702,0.042328042,0.425181463,0.028232989,-0.076923077,-0.493333333,0.024997195
226,9/30/2019,MTCH,541493000,138225000,36609000,8305000000,5408000000,0,84393000,0.012193754,-0.207234375,0.065028225,0.026201025,-0.047715736,-0.558080313,-0.053293437,0,0.210526316,-0.01826894
227,12/31/2019,MTCH,547167000,142070000,38397000,8365000000,5437000000,0,84603000,0.008113241,0.201320047,0.071595161,0.042229998,0.036247335,-0.29787234,0.294675905,0,0.956521739,0.050617102
228,3/31/2020,MTCH,544642000,143894000,43770000,8435000000,6010000000,0,84839000,-0.00776264,-0.473298921,0.00114732,-0.008722703,-0.00617284,-6.964646465,0.093161158,0.055555556,36.16666667,-0.076039177
229,6/30/2020,MTCH,555450000,148853000,41929000,2335000000,4043000000,0,183477000,-0.08827645,-1.422867035,-0.228725763,-0.040636545,-0.232919255,0.116215072,0.408043207,2.421052632,-0.002092676,-0.056562143
230,9/30/2020,MTCH,639770000,169823000,39280000,2670000000,4113000000,0,260744000,0.087881073,2.738066762,0.054409797,0.132394626,0.021592443,-1.080504457,-0.077241253,-0.323076923,-0.999400839,0.300589008
231,12/31/2020,MTCH,651407000,173263000,44832000,3046000000,4461000000,0,267329000,0.01602243,-0.32651474,-0.202209278,0.070687354,0.054161162,1.191990577,0.10929026,-0.227272727,6,-0.032118814
232,3/31/2021,MTCH,667612000,179455000,55576000,3215000000,4429000000,0,270082000,0.028065066,-0.385739032,-0.113179196,0.087553805,0.005012531,2.10424503,0.066697113,-0.088235294,-1,0.123124408
233,6/30/2021,MTCH,707760000,193099000,52133000,4434000000,4576000000,0,276653000,0.032853318,-1.32940312,0.573156417,0.082241037,0.067331671,0.567768738,0.025802752,-0.048387097,inf,0.092368624
234,9/30/2021,MTCH,801835000,232211000,66974000,4894000000,4962000000,0,277279000,0.021846116,-3.817313812,-0.023703672,0.056897957,-0.126168224,-0.124654963,0.007609465,-0.13559322,0.105263158,0.001502477
235,12/31/2021,MTCH,806070000,234543000,66366000,5063000000,5267000000,0,283470000,0.033914512,-1.81668933,0.334000373,0.040808111,-0.065508021,-0.119828456,-0.038007781,-0.176470588,-0.571428571,-0.007293597
236,3/31/2022,MTCH,798631000,236236000,78794000,5043000000,5166000000,0,285506000,0.016072818,2.225308436,0.320530482,-0.030040568,-0.097281831,-0.419891086,-0.016508083,-0.095238095,0,0.043170155
237,6/30/2022,MTCH,794513000,240840000,86410000,4194000000,4647000000,0,283162000,0.020532989,1.868123875,0.177029959,-0.080242212,-0.082408875,-0.689970356,-0.220466654,-0.052631579,2,0.058072562
238,9/30/2022,MTCH,809546000,246962000,87880000,3915000000,4614000000,0,279277000,0.018831434,-0.017726778,0.190360867,-0.030523642,-0.031088083,1.084462151,-0.041520201,0,-0.592592593,-0.049390295
239,12/31/2022,MTCH,786153000,235925000,80555000,4183000000,4543000000,0,279625000,0.01609594,0.698938861,0.08014407,-0.032253445,0.048128342,-0.406345566,,0,9,-0.048450002
240,3/31/2018,YELP,223048000,14732000,51493000,1218000000,126346000,0,83597000,0.013105769,0.456297511,0.036384934,0.050013829,0.005081301,-0.572287547,0.045172494,-0.047619048,0.8,0.054504315
241,6/30/2018,YELP,234902000,14708000,52789000,1198000000,99790000,0,83793000,0.015614161,0.161903286,0.138620043,-0.011103063,-0.006066734,-0.446735395,-0.125672619,-0.025,-0.222222222,0.025792936
242,9/30/2018,YELP,241171000,14177000,53764000,1233000000,103763000,0,84375000,0.010604734,0.019115256,-0.023339906,0.054185333,-0.002034588,2.483342744,-0.016460424,-0.025641026,0.142857143,0.007098353
243,12/31/2018,YELP,243740000,14254000,47754000,1176000000,100045000,0,81997000,0.006380298,0.090647421,-0.007862085,-0.052874088,0,-0.7646296,0.036295806,0,2.25,0.008926232
244,3/31/2019,YELP,236057000,14265000,58075000,1338000000,343022000,0,79690000,0.009309453,-0.320395051,-0.026411499,0.008177315,-0.036697248,1.466942149,-0.114288788,0.026315789,1.884615385,-0.017532876
245,6/30/2019,YELP,246952000,14975000,54566000,1083000000,336978000,0,71752000,0.012342928,-0.473676175,0.009081852,0.059290702,0.042328042,0.425181463,0.028232989,-0.076923077,-0.493333333,0.024997195
246,9/30/2019,YELP,262454000,16514000,56661000,1029000000,326205000,0,70200000,0.012193754,-0.207234375,0.065028225,0.026201025,-0.047715736,-0.558080313,-0.053293437,0,0.210526316,-0.01826894
247,12/31/2019,YELP,268823000,16656000,56198000,1071000000,315709000,0,71185000,0.008113241,0.201320047,0.071595161,0.042229998,0.036247335,-0.29787234,0.294675905,0,0.956521739,0.050617102
248,3/31/2020,YELP,251793000,16847000,67113000,1085000000,322792000,0,71888000,-0.00776264,-0.473298921,0.00114732,-0.008722703,-0.00617284,-6.964646465,0.093161158,0.055555556,36.16666667,-0.076039177
249,6/30/2020,YELP,170992000,11825000,53969000,1073000000,292165000,0,73121000,-0.08827645,-1.422867035,-0.228725763,-0.040636545,-0.232919255,0.116215072,0.408043207,2.421052632,-0.002092676,-0.056562143
250,9/30/2020,YELP,222789000,13193000,53022000,1139000000,323322000,0,73976000,0.087881073,2.738066762,0.054409797,0.132394626,0.021592443,-1.080504457,-0.077241253,-0.323076923,-0.999400839,0.300589008
251,12/31/2020,YELP,235205000,15321000,55996000,1155000000,300413000,0,75272000,0.01602243,-0.32651474,-0.202209278,0.070687354,0.054161162,1.191990577,0.10929026,-0.227272727,6,-0.032118814
252,3/31/2021,YELP,233981000,14874000,67992000,1135000000,308278000,0,75065000,0.028065066,-0.385739032,-0.113179196,0.087553805,0.005012531,2.10424503,0.066697113,-0.088235294,-1,0.123124408
253,6/30/2021,YELP,258977000,17993000,68695000,1105000000,301780000,0,74486000,0.032853318,-1.32940312,0.573156417,0.082241037,0.067331671,0.567768738,0.025802752,-0.048387097,inf,0.092368624
254,9/30/2021,YELP,271431000,21185000,69402000,1079000000,297245000,0,73546000,0.021846116,-3.817313812,-0.023703672,0.056897957,-0.126168224,-0.124654963,0.007609465,-0.13559322,0.105263158,0.001502477
255,12/31/2021,YELP,276170000,24045000,59111000,1051000000,299210000,0,72171000,0.033914512,-1.81668933,0.334000373,0.040808111,-0.065508021,-0.119828456,-0.038007781,-0.176470588,-0.571428571,-0.007293597
256,3/31/2022,YELP,279476000,23429000,80685000,1045000000,320557000,0,71559000,0.016072818,2.225308436,0.320530482,-0.030040568,-0.097281831,-0.419891086,-0.016508083,-0.095238095,0,0.043170155
257,6/30/2022,YELP,301567000,26988000,76848000,1023000000,304564000,0,71119000,0.020532989,1.868123875,0.177029959,-0.080242212,-0.082408875,-0.689970356,-0.220466654,-0.052631579,2,0.058072562
258,9/30/2022,YELP,311873000,26805000,75803000,1030000000,328956000,0,70399000,0.018831434,-0.017726778,0.190360867,-0.030523642,-0.031088083,1.084462151,-0.041520201,0,-0.592592593,-0.049390295
259,12/31/2022,YELP,312612000,28483000,72225000,1016000000,305598000,0,69797000,0.01609594,0.698938861,0.08014407,-0.032253445,0.048128342,-0.406345566,,0,9,-0.048450002
260,4/28/2018,CSCO,12463000000,4704000000,1590000000,1.14008E+11,67347000000,1900000000,4734000000,0.015614161,0.161903286,0.138620043,-0.011103063,-0.006066734,-0.446735395,-0.125672619,-0.025,-0.222222222,0.025792936
261,7/28/2018,CSCO,12844000000,4922000000,1626000000,,,,,0.010604734,0.019115256,-0.023339906,0.054185333,-0.002034588,2.483342744,-0.016460424,-0.025641026,0.142857143,0.007098353
262,10/27/2018,CSCO,12846000000,4926000000,1608000000,1.05429E+11,61581000000,1572000000,4517000000,0.006380298,0.090647421,-0.007862085,-0.052874088,0,-0.7646296,0.036295806,0,2.25,0.008926232
263,1/26/2019,CSCO,12289000000,4673000000,1557000000,1.02462E+11,61673000000,1701000000,4424000000,0.009309453,-0.320395051,-0.026411499,0.008177315,-0.036697248,1.466942149,-0.114288788,0.026315789,1.884615385,-0.017532876
264,4/27/2019,CSCO,12700000000,4785000000,1659000000,97287000000,60483000000,1513000000,4313000000,0.012342928,-0.473676175,0.009081852,0.059290702,0.042328042,0.425181463,0.028232989,-0.076923077,-0.493333333,0.024997195
265,7/27/2019,CSCO,13428000000,4854000000,1753000000,97793000000,64222000000,1383000000,4250000000,0.012193754,-0.207234375,0.065028225,0.026201025,-0.047715736,-0.558080313,-0.053293437,0,0.210526316,-0.01826894
266,10/26/2019,CSCO,13036000000,4695000000,1666000000,92492000000,58069000000,1344000000,4241000000,0.008113241,0.201320047,0.071595161,0.042229998,0.036247335,-0.29787234,0.294675905,0,0.956521739,0.050617102
267,1/25/2020,CSCO,11920000000,4241000000,1570000000,90426000000,54893000000,1353000000,4241000000,-0.00776264,-0.473298921,0.00114732,-0.008722703,-0.00617284,-6.964646465,0.093161158,0.055555556,36.16666667,-0.076039177
268,4/25/2020,CSCO,11931000000,4212000000,1546000000,91394000000,55686000000,1212000000,4220000000,-0.08827645,-1.422867035,-0.228725763,-0.040636545,-0.232919255,0.116215072,0.408043207,2.421052632,-0.002092676,-0.056562143
269,7/25/2020,CSCO,12154000000,4470000000,1565000000,94853000000,56933000000,1282000000,4237000000,0.087881073,2.738066762,0.054409797,0.132394626,0.021592443,-1.080504457,-0.077241253,-0.323076923,-0.999400839,0.300589008
270,10/24/2020,CSCO,11897000000,4348000000,1612000000,95003000000,56846000000,1303000000,4222000000,0.01602243,-0.32651474,-0.202209278,0.070687354,0.054161162,1.191990577,0.10929026,-0.227272727,6,-0.032118814
271,1/23/2021,CSCO,11923000000,4176000000,1527000000,95601000000,56480000000,1436000000,4221000000,0.028065066,-0.385739032,-0.113179196,0.087553805,0.005012531,2.10424503,0.066697113,-0.088235294,-1,0.123124408
272,5/1/2021,CSCO,12779000000,4618000000,1697000000,93896000000,53691000000,1579000000,4215000000,0.032853318,-1.32940312,0.573156417,0.082241037,0.067331671,0.567768738,0.025802752,-0.048387097,inf,0.092368624
273,7/31/2021,CSCO,13091000000,4782000000,1713000000,97497000000,56222000000,1559000000,4217000000,0.021846116,-3.817313812,-0.023703672,0.056897957,-0.126168224,-0.124654963,0.007609465,-0.13559322,0.105263158,0.001502477
274,10/30/2021,CSCO,12882000000,4847000000,1714000000,95981000000,53280000000,1832000000,4217000000,0.033914512,-1.81668933,0.334000373,0.040808111,-0.065508021,-0.119828456,-0.038007781,-0.176470588,-0.571428571,-0.007293597
275,1/29/2022,CSCO,12695000000,4671000000,1670000000,94262000000,54766000000,2059000000,4151000000,0.016072818,2.225308436,0.320530482,-0.030040568,-0.097281831,-0.419891086,-0.016508083,-0.095238095,0,0.043170155
276,4/30/2022,CSCO,12762000000,4714000000,1708000000,92797000000,52397000000,2231000000,4149000000,0.020532989,1.868123875,0.177029959,-0.080242212,-0.082408875,-0.689970356,-0.220466654,-0.052631579,2,0.058072562
277,7/30/2022,CSCO,13037000000,5077000000,1682000000,94002000000,54229000000,2568000000,4110000000,0.018831434,-0.017726778,0.190360867,-0.030523642,-0.031088083,1.084462151,-0.041520201,0,-0.592592593,-0.049390295
278,10/29/2022,CSCO,13563000000,5286000000,1781000000,93054000000,52782000000,2664000000,4103000000,0.01609594,0.698938861,0.08014407,-0.032253445,0.048128342,-0.406345566,,0,9,-0.048450002
279,1/28/2023,CSCO,13516000000,5165000000,1855000000,95840000000,54366000000,3140000000,4095000000,,-0.007773642,0.007543269,0.038445263,0.098639456,0.224082421,,-0.027777778,,
280,7/29/2018,CSCO,,,,1.09872E+11,65580000000,1544000000,4722000000,0.010604734,0.019115256,-0.023339906,0.054185333,-0.002034588,2.483342744,-0.016460424,-0.025641026,0.142857143,0.007098353
281,6/1/2018,ADBE,2195000000,17400000,374128000,15163000000,6458000000,0,490435000,0.015614161,0.161903286,0.138620043,-0.011103063,-0.006066734,-0.446735395,-0.125672619,-0.025,-0.222222222,0.025792936
282,8/31/2018,ADBE,2291000000,295492000,398957000,15396000000,6534000000,0,489007000,0.010604734,0.019115256,-0.023339906,0.054185333,-0.002034588,2.483342744,-0.016460424,-0.025641026,0.142857143,0.007098353
283,11/30/2018,ADBE,2465000000,-744438000,415958000,18769000000,9407000000,0,487663000,0.006380298,0.090647421,-0.007862085,-0.052874088,0,-0.7646296,0.036295806,0,2.25,0.008926232
284,3/1/2019,ADBE,2601000000,58000000,465000000,19506000000,9634000000,0,488504000,0.009309453,-0.320395051,-0.026411499,0.008177315,-0.036697248,1.466942149,-0.114288788,0.026315789,1.884615385,-0.017532876
285,5/31/2019,ADBE,2744000000,55400000,475958000,19666000000,9734000000,0,486273000,0.012342928,-0.473676175,0.009081852,0.059290702,0.042328042,0.425181463,0.028232989,-0.076923077,-0.493333333,0.024997195
286,8/30/2019,ADBE,2834000000,58800000,489827000,20055000000,9812000000,0,484903000,0.012193754,-0.207234375,0.065028225,0.026201025,-0.047715736,-0.558080313,-0.053293437,0,0.210526316,-0.01826894
287,11/29/2019,ADBE,2992000000,54800000,499806000,20762000000,10232000000,0,482339000,0.008113241,0.201320047,0.071595161,0.042229998,0.036247335,-0.29787234,0.294675905,0,0.956521739,0.050617102
288,2/28/2020,ADBE,3091000000,54000000,532000000,21214000000,10749000000,0,483000000,-0.00776264,-0.473298921,0.00114732,-0.008722703,-0.00617284,-6.964646465,0.093161158,0.055555556,36.16666667,-0.076039177
289,5/29/2020,ADBE,3128000000,52000000,532000000,21603000000,10722000000,0,480000000,-0.08827645,-1.422867035,-0.228725763,-0.040636545,-0.232919255,0.116215072,0.408043207,2.421052632,-0.002092676,-0.056562143
290,8/28/2020,ADBE,3225000000,51000000,566000000,22414000000,10701000000,0,480000000,0.087881073,2.738066762,0.054409797,0.132394626,0.021592443,-1.080504457,-0.077241253,-0.323076923,-0.999400839,0.300589008
291,11/27/2020,ADBE,3424000000,47000000,558000000,24284000000,11020000000,0,479000000,0.01602243,-0.32651474,-0.202209278,0.070687354,0.054161162,1.191990577,0.10929026,-0.227272727,6,-0.032118814
292,3/5/2021,ADBE,3905000000,45000000,620000000,24985000000,11439000000,0,479000000,0.028065066,-0.385739032,-0.113179196,0.087553805,0.005012531,2.10424503,0.066697113,-0.088235294,-1,0.123124408
293,6/4/2021,ADBE,3835000000,44000000,612000000,25582000000,11730000000,0,477000000,0.032853318,-1.32940312,0.573156417,0.082241037,0.067331671,0.567768738,0.025802752,-0.048387097,inf,0.092368624
294,9/3/2021,ADBE,3935000000,40000000,651000000,26144000000,11730000000,0,476000000,0.021846116,-3.817313812,-0.023703672,0.056897957,-0.126168224,-0.124654963,0.007609465,-0.13559322,0.105263158,0.001502477
295,12/3/2021,ADBE,4110000000,51000000,657000000,27241000000,12444000000,0,475000000,0.033914512,-1.81668933,0.334000373,0.040808111,-0.065508021,-0.119828456,-0.038007781,-0.176470588,-0.571428571,-0.007293597
296,3/4/2022,ADBE,4262000000,59000000,701000000,25976000000,12201000000,0,472000000,0.016072818,2.225308436,0.320530482,-0.030040568,-0.097281831,-0.419891086,-0.016508083,-0.095238095,0,0.043170155
297,6/3/2022,ADBE,4386000000,539000000,738000000,26326000000,12341000000,0,471000000,0.020532989,1.868123875,0.177029959,-0.080242212,-0.082408875,-0.689970356,-0.220466654,-0.052631579,2,0.058072562
298,9/2/2022,ADBE,4433000000,546000000,775000000,26744000000,12371000000,0,467000000,0.018831434,-0.017726778,0.190360867,-0.030523642,-0.031088083,1.084462151,-0.041520201,0,-0.592592593,-0.049390295
299,12/2/2022,ADBE,4525000000,568000000,773000000,27165000000,13114000000,0,462000000,0.01609594,0.698938861,0.08014407,-0.032253445,0.048128342,-0.406345566,,0,9,-0.048450002
300,3/3/2023,ADBE,4655000000,54000000,827000000,26667000000,12461000000,0,459000000,,-0.007773642,0.007543269,0.038445263,0.098639456,0.224082421,,-0.027777778,,
301,3/31/2018,AGYS,32056000,15311000,7228000,157207000,48776000,1999000,23325000,0.013105769,0.456297511,0.036384934,0.050013829,0.005081301,-0.572287547,0.045172494,-0.047619048,0.8,0.054504315
302,6/30/2018,AGYS,34004000,16118000,7089000,162228000,52479000,1765000,23527000,0.015614161,0.161903286,0.138620043,-0.011103063,-0.006066734,-0.446735395,-0.125672619,-0.025,-0.222222222,0.025792936
303,9/30/2018,AGYS,34200000,16454000,10151000,153626000,46652000,1678000,23531000,0.010604734,0.019115256,-0.023339906,0.054185333,-0.002034588,2.483342744,-0.016460424,-0.025641026,0.142857143,0.007098353
304,12/31/2018,AGYS,36011000,17367000,10059000,167433000,63328000,1566000,23535000,0.006380298,0.090647421,-0.007862085,-0.052874088,0,-0.7646296,0.036295806,0,2.25,0.008926232
305,3/31/2019,AGYS,36618000,17023000,10518000,163591000,62969000,2044000,23501000,0.009309453,-0.320395051,-0.026411499,0.008177315,-0.036697248,1.466942149,-0.114288788,0.026315789,1.884615385,-0.017532876
306,6/30/2019,AGYS,38388000,18375000,10064000,167448000,67525000,1483000,23680000,0.012342928,-0.473676175,0.009081852,0.059290702,0.042328042,0.425181463,0.028232989,-0.076923077,-0.493333333,0.024997195
307,9/30/2019,AGYS,40720000,20505000,10778000,163795000,65430000,9.54E+14,23659000,0.012193754,-0.207234375,0.065028225,0.026201025,-0.047715736,-0.558080313,-0.053293437,0,0.210526316,-0.01826894
308,12/31/2019,AGYS,41962000,20923000,11285000,171828000,74892000,1856000,23657000,0.008113241,0.201320047,0.071595161,0.042229998,0.036247335,-0.29787234,0.294675905,0,0.956521739,0.050617102
309,3/31/2020,AGYS,39659000,20002000,9336000,154562000,82805000,3887000,23609000,-0.00776264,-0.473298921,0.00114732,-0.008722703,-0.00617284,-6.964646465,0.093161158,0.055555556,36.16666667,-0.076039177
310,6/30/2020,AGYS,29806000,11257000,8266000,176103000,104753000,2760000,23613000,-0.08827645,-1.422867035,-0.228725763,-0.040636545,-0.232919255,0.116215072,0.408043207,2.421052632,-0.002092676,-0.056562143
311,9/30/2020,AGYS,34358000,11206000,8257000,173714000,95790000,2174000,23588000,0.087881073,2.738066762,0.054409797,0.132394626,0.021592443,-1.080504457,-0.077241253,-0.323076923,-0.999400839,0.300589008
312,12/31/2020,AGYS,36666000,12479000,12376000,189201000,107422000,1322000,23638000,0.01602243,-0.32651474,-0.202209278,0.070687354,0.054161162,1.191990577,0.10929026,-0.227272727,6,-0.032118814
313,3/31/2021,AGYS,36458000,12858000,26445000,189873000,109997000,1177000,24011000,0.028065066,-0.385739032,-0.113179196,0.087553805,0.005012531,2.10424503,0.066697113,-0.088235294,-1,0.123124408
314,6/30/2021,AGYS,38724000,13858000,11485000,189485000,104998000,1186000,24569000,0.032853318,-1.32940312,0.573156417,0.082241037,0.067331671,0.567768738,0.025802752,-0.048387097,inf,0.092368624
315,9/30/2021,AGYS,37891000,13637000,11379000,188100000,100382000,1881000,24607000,0.021846116,-3.817313812,-0.023703672,0.056897957,-0.126168224,-0.124654963,0.007609465,-0.13559322,0.105263158,0.001502477
316,12/31/2021,AGYS,39456000,14744000,11210000,202338000,109925000,3256000,24712000,0.033914512,-1.81668933,0.334000373,0.040808111,-0.065508021,-0.119828456,-0.038007781,-0.176470588,-0.571428571,-0.007293597
317,3/31/2022,AGYS,47333000,18866000,12258000,214162000,116818000,6940000,24729000,0.016072818,2.225308436,0.320530482,-0.030040568,-0.097281831,-0.419891086,-0.016508083,-0.095238095,0,0.043170155
318,6/30/2022,AGYS,47505000,19011000,11556000,208759000,107483000,7246000,25026000,0.020532989,1.868123875,0.177029959,-0.080242212,-0.082408875,-0.689970356,-0.220466654,-0.052631579,2,0.058072562
319,9/30/2022,AGYS,47741000,18377000,12577000,220766000,114172000,9659000,25058000,0.018831434,-0.017726778,0.190360867,-0.030523642,-0.031088083,1.084462151,-0.041520201,0,-0.592592593,-0.049390295
320,12/31/2022,AGYS,49920000,19144000,12416000,246161000,134249000,10349000,25185000,0.01609594,0.698938861,0.08014407,-0.032253445,0.048128342,-0.406345566,,0,9,-0.048450002
321,3/31/2018,MCHP,1002000000,387207000,133600000,8257000000,4977000000,476200000,235028000,0.013105769,0.456297511,0.036384934,0.050013829,0.005081301,-0.572287547,0.045172494,-0.047619048,0.8,0.054504315
322,6/30/2018,MCHP,1212000000,570500000,171900000,19249000000,14125000000,1105000000,235494000,0.015614161,0.161903286,0.138620043,-0.011103063,-0.006066734,-0.446735395,-0.125672619,-0.025,-0.222222222,0.025792936
323,9/30/2018,MCHP,1433000000,743200000,221900000,18667000000,13497000000,836700000,236208000,0.010604734,0.019115256,-0.023339906,0.054185333,-0.002034588,2.483342744,-0.016460424,-0.025641026,0.142857143,0.007098353
324,12/31/2018,MCHP,1375000000,595100000,217700000,18156000000,12995000000,702500000,236963000,0.006380298,0.090647421,-0.007862085,-0.052874088,0,-0.7646296,0.036295806,0,2.25,0.008926232
325,3/31/2019,MCHP,1330000000,509400000,214700000,18350000000,13062000000,711700000,237590000,0.009309453,-0.320395051,-0.026411499,0.008177315,-0.036697248,1.466942149,-0.114288788,0.026315789,1.884615385,-0.017532876
326,6/30/2019,MCHP,1323000000,507400000,219100000,18246000000,12958000000,733100000,238035000,0.012342928,-0.473676175,0.009081852,0.059290702,0.042328042,0.425181463,0.028232989,-0.076923077,-0.493333333,0.024997195
327,9/30/2019,MCHP,1338000000,510300000,219800000,17858000000,12497000000,734200000,238763000,0.012193754,-0.207234375,0.065028225,0.026201025,-0.047715736,-0.558080313,-0.053293437,0,0.210526316,-0.01826894
328,12/31/2019,MCHP,1287000000,501900000,217100000,17589000000,11972000000,708800000,239535000,0.008113241,0.201320047,0.071595161,0.042229998,0.036247335,-0.29787234,0.294675905,0,0.956521739,0.050617102
329,3/31/2020,MCHP,1326000000,512500000,221800000,17426000000,11841000000,685700000,245326000,-0.00776264,-0.473298921,0.00114732,-0.008722703,-0.00617284,-6.964646465,0.093161158,0.055555556,36.16666667,-0.076039177
330,6/30/2020,MCHP,1310000000,511400000,198000000,17028000000,11527000000,657200000,252450000,-0.08827645,-1.422867035,-0.228725763,-0.040636545,-0.232919255,0.116215072,0.408043207,2.421052632,-0.002092676,-0.056562143
331,9/30/2020,MCHP,1310000000,501600000,199800000,16771000000,11327000000,661400000,260255000,0.087881073,2.738066762,0.054409797,0.132394626,0.021592443,-1.080504457,-0.077241253,-0.323076923,-0.999400839,0.300589008
332,12/31/2020,MCHP,1352000000,506300000,210100000,16576000000,11279000000,666100000,269258000,0.01602243,-0.32651474,-0.202209278,0.070687354,0.054161162,1.191990577,0.10929026,-0.227272727,6,-0.032118814
333,3/31/2021,MCHP,1467000000,540300000,228500000,16479000000,11142000000,665000000,273529000,0.028065066,-0.385739032,-0.113179196,0.087553805,0.005012531,2.10424503,0.066697113,-0.088235294,-1,0.123124408
334,6/30/2021,MCHP,1569000000,561800000,238400000,16278000000,10758000000,683800000,274040000,0.032853318,-1.32940312,0.573156417,0.082241037,0.067331671,0.567768738,0.025802752,-0.048387097,inf,0.092368624
335,9/30/2021,MCHP,1650000000,581500000,246200000,16215000000,10512000000,713600000,554870000,0.021846116,-3.817313812,-0.023703672,0.056897957,-0.126168224,-0.124654963,0.007609465,-0.13559322,0.105263158,0.001502477
336,12/31/2021,MCHP,1758000000,604200000,245400000,16047000000,10244000000,768200000,555989000,0.033914512,-1.81668933,0.334000373,0.040808111,-0.065508021,-0.119828456,-0.038007781,-0.176470588,-0.571428571,-0.007293597
337,3/31/2022,MCHP,1844000000,623800000,259100000,16200000000,10305000000,854400000,554501000,0.016072818,2.225308436,0.320530482,-0.030040568,-0.097281831,-0.419891086,-0.016508083,-0.095238095,0,0.043170155
338,6/30/2022,MCHP,1964000000,653700000,269000000,16208000000,10230000000,911800000,552484000,0.020532989,1.868123875,0.177029959,-0.080242212,-0.082408875,-0.689970356,-0.220466654,-0.052631579,2,0.058072562
339,9/30/2022,MCHP,2073000000,675300000,268600000,16141000000,10038000000,1030000000,550009000,0.018831434,-0.017726778,0.190360867,-0.030523642,-0.031088083,1.084462151,-0.041520201,0,-0.592592593,-0.049390295
340,12/31/2022,MCHP,2169000000,698400000,282400000,16116000000,9805000000,1165000000,547792000,0.01609594,0.698938861,0.08014407,-0.032253445,0.048128342,-0.406345566,,0,9,-0.048450002
341,4/30/2018,DOCU,155615000,58294000,70870000,614472000,400346000,0,36776000,0.015614161,0.161903286,0.138620043,-0.011103063,-0.006066734,-0.446735395,-0.125672619,-0.025,-0.222222222,0.025792936
342,7/31/2018,DOCU,166997000,36361000,33773000,1170000000,426228000,0,156786000,0.010604734,0.019115256,-0.023339906,0.054185333,-0.002034588,2.483342744,-0.016460424,-0.025641026,0.142857143,0.007098353
343,10/31/2018,DOCU,174882000,45073000,38404000,1719000000,909267000,0,157255000,0.006380298,0.090647421,-0.007862085,-0.052874088,0,-0.7646296,0.036295806,0,2.25,0.008926232
344,1/31/2019,DOCU,189231000,52693000,42921000,1615000000,1001000000,0,169303000,0.009309453,-0.320395051,-0.026411499,0.008177315,-0.036697248,1.466942149,-0.114288788,0.026315789,1.884615385,-0.017532876
345,4/30/2019,DOCU,206806000,52019000,37183000,1738000000,1141000000,0,173628000,0.012342928,-0.473676175,0.009081852,0.059290702,0.042328042,0.425181463,0.028232989,-0.076923077,-0.493333333,0.024997195
346,7/31/2019,DOCU,228339000,61176000,47517000,1762000000,1195000000,0,175953000,0.012193754,-0.207234375,0.065028225,0.026201025,-0.047715736,-0.558080313,-0.053293437,0,0.210526316,-0.01826894
347,10/31/2019,DOCU,242138000,61964000,48758000,1786000000,1217000000,0,179252000,0.008113241,0.201320047,0.071595161,0.042229998,0.036247335,-0.29787234,0.294675905,0,0.956521739,0.050617102
348,1/31/2020,DOCU,266434000,68075000,52094000,1891000000,1345000000,0,181254000,-0.00776264,-0.473298921,0.00114732,-0.008722703,-0.00617284,-6.964646465,0.093161158,0.055555556,36.16666667,-0.076039177
349,4/30/2020,DOCU,289457000,74032000,54234000,1921000000,1399000000,0,183428000,-0.08827645,-1.422867035,-0.228725763,-0.040636545,-0.232919255,0.116215072,0.408043207,2.421052632,-0.002092676,-0.056562143
350,7/31/2020,DOCU,334525000,90615000,63791000,2053000000,1551000000,0,185137000,0.087881073,2.738066762,0.054409797,0.132394626,0.021592443,-1.080504457,-0.077241253,-0.323076923,-0.999400839,0.300589008
351,10/31/2020,DOCU,375154000,97831000,73362000,2051000000,1625000000,0,186531000,0.01602243,-0.32651474,-0.202209278,0.070687354,0.054161162,1.191990577,0.10929026,-0.227272727,6,-0.032118814
352,1/31/2021,DOCU,391260000,101580000,80135000,2337000000,2007000000,0,192807000,0.028065066,-0.385739032,-0.113179196,0.087553805,0.005012531,2.10424503,0.066697113,-0.088235294,-1,0.123124408
353,4/30/2021,DOCU,467406000,105242000,85416000,2297000000,2054000000,0,194734000,0.032853318,-1.32940312,0.573156417,0.082241037,0.067331671,0.567768738,0.025802752,-0.048387097,inf,0.092368624
354,7/31/2021,DOCU,510175000,113780000,94651000,2356000000,2144000000,0,196467000,0.021846116,-3.817313812,-0.023703672,0.056897957,-0.126168224,-0.124654963,0.007609465,-0.13559322,0.105263158,0.001502477
355,10/31/2021,DOCU,543978000,115975000,102603000,2411000000,2171000000,0,197754000,0.033914512,-1.81668933,0.334000373,0.040808111,-0.065508021,-0.119828456,-0.038007781,-0.176470588,-0.571428571,-0.007293597
356,1/31/2022,DOCU,579211000,131454000,110692000,2541000000,2266000000,0,198834000,0.016072818,2.225308436,0.320530482,-0.030040568,-0.097281831,-0.419891086,-0.016508083,-0.095238095,0,0.043170155
357,4/30/2022,DOCU,587043000,132416000,112227000,2574000000,2225000000,0,199920000,0.020532989,1.868123875,0.177029959,-0.080242212,-0.082408875,-0.689970356,-0.220466654,-0.052631579,2,0.058072562
358,7/31/2022,DOCU,620552000,136704000,126532000,2667000000,2260000000,0,200771000,0.018831434,-0.017726778,0.190360867,-0.030523642,-0.031088083,1.084462151,-0.041520201,0,-0.592592593,-0.049390295
359,10/31/2022,DOCU,644007000,129542000,115934000,2732000000,2263000000,0,201069000,0.01609594,0.698938861,0.08014407,-0.032253445,0.048128342,-0.406345566,,0,9,-0.048450002
360,1/31/2023,DOCU,657924000,137426000,125891000,3013000000,2395000000,0,201904000,,-0.007773642,0.007543269,0.038445263,0.098639456,0.224082421,,-0.027777778,,
361,4/30/2018,BOX,140507000,39068000,38248000,528479000,481864000,0,279950000,0.015614161,0.161903286,0.138620043,-0.011103063,-0.006066734,-0.446735395,-0.125672619,-0.025,-0.222222222,0.025792936
362,7/31/2018,BOX,150322000,42605000,41830000,545424000,510297000,0,283212000,0.010604734,0.019115256,-0.023339906,0.054185333,-0.002034588,2.483342744,-0.016460424,-0.025641026,0.142857143,0.007098353
363,10/31/2018,BOX,157158000,44724000,42310000,546887000,521241000,0,286775000,0.006380298,0.090647421,-0.007862085,-0.052874088,0,-0.7646296,0.036295806,0,2.25,0.008926232
364,1/31/2019,BOX,166114000,47197000,41362000,650161000,618756000,0,144311000,0.009309453,-0.320395051,-0.026411499,0.008177315,-0.036697248,1.466942149,-0.114288788,0.026315789,1.884615385,-0.017532876
365,4/30/2019,BOX,162974000,48684000,46244000,825721000,795183000,0,146497000,0.012342928,-0.473676175,0.009081852,0.059290702,0.042328042,0.425181463,0.028232989,-0.076923077,-0.493333333,0.024997195
366,7/31/2019,BOX,174381000,53872000,49693000,827316000,805050000,0,147722000,0.012193754,-0.207234375,0.065028225,0.026201025,-0.047715736,-0.558080313,-0.053293437,0,0.210526316,-0.01826894
367,10/31/2019,BOX,178585000,56302000,50652000,843918000,823143000,0,149478000,0.008113241,0.201320047,0.071595161,0.042229998,0.036247335,-0.29787234,0.294675905,0,0.956521739,0.050617102
368,1/31/2020,BOX,184117000,56719000,53161000,959991000,937634000,0,150611000,-0.00776264,-0.473298921,0.00114732,-0.008722703,-0.00617284,-6.964646465,0.093161158,0.055555556,36.16666667,-0.076039177
369,4/30/2020,BOX,184843000,53995000,53114000,948913000,908065000,0,153446000,-0.08827645,-1.422867035,-0.228725763,-0.040636545,-0.232919255,0.116215072,0.408043207,2.421052632,-0.002092676,-0.056562143
370,7/31/2020,BOX,193168000,55334000,50115000,960511000,900919000,0,156399000,0.087881073,2.738066762,0.054409797,0.132394626,0.021592443,-1.080504457,-0.077241253,-0.323076923,-0.999400839,0.300589008
371,10/31/2020,BOX,197294000,56812000,49454000,941561000,853999000,0,158643000,0.01602243,-0.32651474,-0.202209278,0.070687354,0.054161162,1.191990577,0.10929026,-0.227272727,6,-0.032118814
372,1/31/2021,BOX,198181000,58597000,48579000,1352000000,1201000000,0,159851000,0.028065066,-0.385739032,-0.113179196,0.087553805,0.005012531,2.10424503,0.066697113,-0.088235294,-1,0.123124408
373,4/30/2021,BOX,204464000,60947000,50859000,1310000000,1185000000,0,162762000,0.032853318,-1.32940312,0.573156417,0.082241037,0.067331671,0.567768738,0.025802752,-0.048387097,inf,0.092368624
374,7/31/2021,BOX,216469000,60788000,52722000,1526000000,1190000000,0,152660000,0.021846116,-3.817313812,-0.023703672,0.056897957,-0.126168224,-0.124654963,0.007609465,-0.13559322,0.105263158,0.001502477
375,10/31/2021,BOX,225603000,63069000,55837000,1405000000,1185000000,0,149010000,0.033914512,-1.81668933,0.334000373,0.040808111,-0.065508021,-0.119828456,-0.038007781,-0.176470588,-0.571428571,-0.007293597
376,1/31/2022,BOX,230971000,64680000,59105000,1392000000,1299000000,0,145081000,0.016072818,2.225308436,0.320530482,-0.030040568,-0.097281831,-0.419891086,-0.016508083,-0.095238095,0,0.043170155
377,4/30/2022,BOX,240023000,62209000,61733000,1172000000,1167000000,0,145081000,0.020532989,1.868123875,0.177029959,-0.080242212,-0.082408875,-0.689970356,-0.220466654,-0.052631579,2,0.058072562
378,7/31/2022,BOX,247785000,64843000,61965000,1066000000,1157000000,0,142320000,0.018831434,-0.017726778,0.190360867,-0.030523642,-0.031088083,1.084462151,-0.041520201,0,-0.592592593,-0.049390295
379,10/31/2022,BOX,251737000,64490000,59107000,1056000000,1135000000,0,142915000,0.01609594,0.698938861,0.08014407,-0.032253445,0.048128342,-0.406345566,,0,9,-0.048450002
380,1/31/2023,BOX,254854000,61014000,60724000,1207000000,1241000000,0,144301000,,-0.007773642,0.007543269,0.038445263,0.098639456,0.224082421,,-0.027777778,,
381,3/31/2018,VRNS,53528000,6442000,15542000,224925000,119445000,0,28749000,0.013105769,0.456297511,0.036384934,0.050013829,0.005081301,-0.572287547,0.045172494,-0.047619048,0.8,0.054504315
382,6/30/2018,VRNS,62190000,6440000,17717000,237067000,133261000,0,29218000,0.015614161,0.161903286,0.138620043,-0.011103063,-0.006066734,-0.446735395,-0.125672619,-0.025,-0.222222222,0.025792936
383,9/30/2018,VRNS,67052000,7052000,17267000,245879000,135817000,0,29424000,0.010604734,0.019115256,-0.023339906,0.054185333,-0.002034588,2.483342744,-0.016460424,-0.025641026,0.142857143,0.007098353
384,12/31/2018,VRNS,87518000,7749000,19445000,284978000,159608000,0,29577000,0.006380298,0.090647421,-0.007862085,-0.052874088,0,-0.7646296,0.036295806,0,2.25,0.008926232
385,3/31/2019,VRNS,56360000,8326000,18768000,305446000,195451000,0,30263000,0.009309453,-0.320395051,-0.026411499,0.008177315,-0.036697248,1.466942149,-0.114288788,0.026315789,1.884615385,-0.017532876
386,6/30/2019,VRNS,59621000,8398000,19722000,304020000,203826000,0,30327000,0.012342928,-0.473676175,0.009081852,0.059290702,0.042328042,0.425181463,0.028232989,-0.076923077,-0.493333333,0.024997195
387,9/30/2019,VRNS,65649000,8768000,20400000,298152000,200382000,0,30482000,0.012193754,-0.207234375,0.065028225,0.026201025,-0.047715736,-0.558080313,-0.053293437,0,0.210526316,-0.01826894
388,12/31/2019,VRNS,72560000,9652000,21874000,318312000,224780000,0,30583000,0.008113241,0.201320047,0.071595161,0.042229998,0.036247335,-0.29787234,0.294675905,0,0.956521739,0.050617102
389,3/31/2020,VRNS,54176000,10180000,22688000,286982000,206941000,0,31466000,-0.00776264,-0.473298921,0.00114732,-0.008722703,-0.00617284,-6.964646465,0.093161158,0.055555556,36.16666667,-0.076039177
390,6/30/2020,VRNS,66565000,10335000,24067000,498296000,419766000,0,31544000,-0.08827645,-1.422867035,-0.228725763,-0.040636545,-0.232919255,0.116215072,0.408043207,2.421052632,-0.002092676,-0.056562143
391,9/30/2020,VRNS,76751000,11284000,24670000,502519000,419599000,0,31725000,0.087881073,2.738066762,0.054409797,0.132394626,0.021592443,-1.080504457,-0.077241253,-0.323076923,-0.999400839,0.300589008
392,12/31/2020,VRNS,95197000,12462000,27938000,555482000,461411000,0,31819000,0.01602243,-0.32651474,-0.202209278,0.070687354,0.054161162,1.191990577,0.10929026,-0.227272727,6,-0.032118814
393,3/31/2021,VRNS,74785000,13482000,30062000,1038000000,459217000,0,106147000,0.028065066,-0.385739032,-0.113179196,0.087553805,0.005012531,2.10424503,0.066697113,-0.088235294,-1,0.123124408
394,6/30/2021,VRNS,88418000,14201000,33333000,1032000000,461946000,0,106914000,0.032853318,-1.32940312,0.573156417,0.082241037,0.067331671,0.567768738,0.025802752,-0.048387097,inf,0.092368624
395,9/30/2021,VRNS,100353000,14338000,34344000,1058000000,481512000,0,107321000,0.021846116,-3.817313812,-0.023703672,0.056897957,-0.126168224,-0.124654963,0.007609465,-0.13559322,0.105263158,0.001502477
396,12/31/2021,VRNS,126578000,17378000,40143000,1109000000,511944000,0,107509000,0.033914512,-1.81668933,0.334000373,0.040808111,-0.065508021,-0.119828456,-0.038007781,-0.176470588,-0.571428571,-0.007293597
397,3/31/2022,VRNS,96261000,17809000,43570000,1052000000,515784000,0,109566000,0.016072818,2.225308436,0.320530482,-0.030040568,-0.097281831,-0.419891086,-0.016508083,-0.095238095,0,0.043170155
398,6/30/2022,VRNS,111448000,17799000,44815000,1052000000,525855000,0,109886000,0.020532989,1.868123875,0.177029959,-0.080242212,-0.082408875,-0.689970356,-0.220466654,-0.052631579,2,0.058072562
399,9/30/2022,VRNS,123308000,17198000,44478000,1059000000,526201000,0,110214000,0.018831434,-0.017726778,0.190360867,-0.030523642,-0.031088083,1.084462151,-0.041520201,0,-0.592592593,-0.049390295
400,12/31/2022,VRNS,142617000,17030000,45018000,1044000000,541607000,0,107673000,0.01609594,0.698938861,0.08014407,-0.032253445,0.048128342,-0.406345566,,0,9,-0.048450002
401,3/31/2018,AYX,42821000,5004000,10768000,289289000,133161000,0,60052000,0.013105769,0.456297511,0.036384934,0.050013829,0.005081301,-0.572287547,0.045172494,-0.047619048,0.8,0.054504315
402,6/30/2018,AYX,46796000,5269000,10181000,507291000,322180000,0,60685000,0.015614161,0.161903286,0.138620043,-0.011103063,-0.006066734,-0.446735395,-0.125672619,-0.025,-0.222222222,0.025792936
403,9/30/2018,AYX,54179000,5810000,10531000,526490000,331766000,0,61103000,0.010604734,0.019115256,-0.023339906,0.054185333,-0.002034588,2.483342744,-0.016460424,-0.025641026,0.142857143,0.007098353
404,12/31/2018,AYX,89150000,6717000,11969000,618167000,316349000,0,61462000,0.006380298,0.090647421,-0.007862085,-0.052874088,0,-0.7646296,0.036295806,0,2.25,0.008926232
405,3/31/2019,AYX,73034000,8000000,14072000,644192000,318354000,0,61926000,0.009309453,-0.320395051,-0.026411499,0.008177315,-0.036697248,1.466942149,-0.114288788,0.026315789,1.884615385,-0.017532876
406,6/30/2019,AYX,78945000,9295000,16381000,663502000,332074000,0,62613000,0.012342928,-0.473676175,0.009081852,0.059290702,0.042328042,0.425181463,0.028232989,-0.076923077,-0.493333333,0.024997195
407,9/30/2019,AYX,96920000,9645000,17755000,1239000000,852574000,0,63966000,0.012193754,-0.207234375,0.065028225,0.026201025,-0.047715736,-0.558080313,-0.053293437,0,0.210526316,-0.01826894
408,12/31/2019,AYX,156450000,12211000,20892000,1342000000,917431000,0,65170000,0.008113241,0.201320047,0.071595161,0.042229998,0.036247335,-0.29787234,0.294675905,0,0.956521739,0.050617102
409,3/31/2020,AYX,99528000,13047000,26181000,1323000000,896937000,0,65569000,-0.00776264,-0.473298921,0.00114732,-0.008722703,-0.00617284,-6.964646465,0.093161158,0.055555556,36.16666667,-0.076039177
410,6/30/2020,AYX,86737000,9635000,23256000,1316000000,906761000,0,66039000,-0.08827645,-1.422867035,-0.228725763,-0.040636545,-0.232919255,0.116215072,0.408043207,2.421052632,-0.002092676,-0.056562143
411,9/30/2020,AYX,120114000,10414000,25232000,1356000000,920583000,0,66265000,0.087881073,2.738066762,0.054409797,0.132394626,0.021592443,-1.080504457,-0.077241253,-0.323076923,-0.999400839,0.300589008
412,12/31/2020,AYX,160527000,10743000,26448000,1465000000,988504000,0,66547000,0.01602243,-0.32651474,-0.202209278,0.070687354,0.054161162,1.191990577,0.10929026,-0.227272727,6,-0.032118814
413,3/31/2021,AYX,109161000,10841000,31322000,1416000000,964261000,0,66932000,0.028065066,-0.385739032,-0.113179196,0.087553805,0.005012531,2.10424503,0.066697113,-0.088235294,-1,0.123124408
414,6/30/2021,AYX,110435000,12930000,30866000,1472000000,1040000000,0,67173000,0.032853318,-1.32940312,0.573156417,0.082241037,0.067331671,0.567768738,0.025802752,-0.048387097,inf,0.092368624
415,9/30/2021,AYX,113528000,15466000,33457000,1474000000,1064000000,0,67325000,0.021846116,-3.817313812,-0.023703672,0.056897957,-0.126168224,-0.124654963,0.007609465,-0.13559322,0.105263158,0.001502477
416,12/31/2021,AYX,158603000,16516000,36775000,1600000000,1197000000,0,67437000,0.033914512,-1.81668933,0.334000373,0.040808111,-0.065508021,-0.119828456,-0.038007781,-0.176470588,-0.571428571,-0.007293597
417,3/31/2022,AYX,160651000,24241000,50150000,1477000000,1246000000,0,67826000,0.016072818,2.225308436,0.320530482,-0.030040568,-0.097281831,-0.419891086,-0.016508083,-0.095238095,0,0.043170155
418,6/30/2022,AYX,178176000,29772000,57077000,1456000000,1285000000,0,68311000,0.020532989,1.868123875,0.177029959,-0.080242212,-0.082408875,-0.689970356,-0.220466654,-0.052631579,2,0.058072562
419,9/30/2022,AYX,213258000,31994000,54803000,1424000000,1268000000,0,68673000,0.018831434,-0.017726778,0.190360867,-0.030523642,-0.031088083,1.084462151,-0.041520201,0,-0.592592593,-0.049390295
420,12/31/2022,AYX,309210000,31777000,59423000,1557000000,1384000000,0,69221000,0.01609594,0.698938861,0.08014407,-0.032253445,0.048128342,-0.406345566,,0,9,-0.048450002
421,4/30/2018,SMAR,36319000,7323000,12844000,115035000,93895000,0,22040000000,0.015614161,0.161903286,0.138620043,-0.011103063,-0.006066734,-0.446735395,-0.125672619,-0.025,-0.222222222,0.025792936
422,7/31/2018,SMAR,84768000,8155000,14412000,285201000,108774000,0,89287000,0.010604734,0.019115256,-0.023339906,0.054185333,-0.002034588,2.483342744,-0.016460424,-0.025641026,0.142857143,0.007098353
423,10/31/2018,SMAR,46868000,8704000,15599000,291809000,120195000,0,103316000,0.006380298,0.090647421,-0.007862085,-0.052874088,0,-0.7646296,0.036295806,0,2.25,0.008926232
424,1/31/2019,SMAR,55529000,9667000,15986000,308744000,141752000,0,20281000,0.009309453,-0.320395051,-0.026411499,0.008177315,-0.036697248,1.466942149,-0.114288788,0.026315789,1.884615385,-0.017532876
425,4/30/2019,SMAR,56156000,10485000,20238000,363237000,200442000,0,106378000,0.012342928,-0.473676175,0.009081852,0.059290702,0.042328042,0.425181463,0.028232989,-0.076923077,-0.493333333,0.024997195
426,7/31/2019,SMAR,66758000,12665000,22210000,757231000,220290000,0,116348000,0.012193754,-0.207234375,0.065028225,0.026201025,-0.047715736,-0.558080313,-0.053293437,0,0.210526316,-0.01826894
427,10/31/2019,SMAR,74335000,14098000,25049000,774777000,247740000,0,117370000,0.008113241,0.201320047,0.071595161,0.042229998,0.036247335,-0.29787234,0.294675905,0,0.956521739,0.050617102
428,1/31/2020,SMAR,72107000,15652000,27973000,797714000,283654000,0,118194000,-0.00776264,-0.473298921,0.00114732,-0.008722703,-0.00617284,-6.964646465,0.093161158,0.055555556,36.16666667,-0.076039177
429,4/30/2020,SMAR,86717000,18441000,25991000,782606000,272243000,0,118868000,-0.08827645,-1.422867035,-0.228725763,-0.040636545,-0.232919255,0.116215072,0.408043207,2.421052632,-0.002092676,-0.056562143
430,7/31/2020,SMAR,91314000,19018000,28089000,788883000,283158000,0,119921000,0.087881073,2.738066762,0.054409797,0.132394626,0.021592443,-1.080504457,-0.077241253,-0.323076923,-0.999400839,0.300589008
431,10/31/2020,SMAR,98947000,23730000,32369000,831529000,302947000,0,121203000,0.01602243,-0.32651474,-0.202209278,0.070687354,0.054161162,1.191990577,0.10929026,-0.227272727,6,-0.032118814
432,1/31/2021,SMAR,108582000,24350000,32273000,911789000,384860000,0,122634000,0.028065066,-0.385739032,-0.113179196,0.087553805,0.005012531,2.10424503,0.066697113,-0.088235294,-1,0.123124408
433,4/30/2021,SMAR,117412000,26572000,36474000,903476000,379966000,0,124110000,0.032853318,-1.32940312,0.573156417,0.082241037,0.067331671,0.567768738,0.025802752,-0.048387097,inf,0.092368624
434,7/31/2021,SMAR,131748000,27466000,39079000,920733000,409585000,0,125210000,0.021846116,-3.817313812,-0.023703672,0.056897957,-0.126168224,-0.124654963,0.007609465,-0.13559322,0.105263158,0.001502477
435,10/31/2021,SMAR,144640000,29415000,41151000,936106000,424353000,0,126118000,0.033914512,-1.81668933,0.334000373,0.040808111,-0.065508021,-0.119828456,-0.038007781,-0.176470588,-0.571428571,-0.007293597
436,1/31/2022,SMAR,156439000,33020000,48736000,1003000000,498053000,0,127057000,0.016072818,2.225308436,0.320530482,-0.030040568,-0.097281831,-0.419891086,-0.016508083,-0.095238095,0,0.043170155
437,4/30/2022,SMAR,168109000,37158000,52519000,981958000,500982000,0,128519000,0.020532989,1.868123875,0.177029959,-0.080242212,-0.082408875,-0.689970356,-0.220466654,-0.052631579,2,0.058072562
438,7/31/2022,SMAR,187972000,40551000,53784000,994249000,519546000,0,129645000,0.018831434,-0.017726778,0.190360867,-0.030523642,-0.031088083,1.084462151,-0.041520201,0,-0.592592593,-0.049390295
439,10/31/2022,SMAR,202081000,42863000,50526000,1014000000,541848000,0,130634000,0.01609594,0.698938861,0.08014407,-0.032253445,0.048128342,-0.406345566,,0,9,-0.048450002
440,1/31/2023,SMAR,209129000,44713000,58376000,1110000000,624551000,0,131451000,,-0.007773642,0.007543269,0.038445263,0.098639456,0.224082421,,-0.027777778,,
441,5/6/2018,AVGO,5014000000,2463000000,936000000,54936000000,22869000000,1235000000,436235000,0.015614161,0.161903286,0.138620043,-0.011103063,-0.006066734,-0.446735395,-0.125672619,-0.025,-0.222222222,0.025792936
442,8/5/2018,AVGO,5063000000,2444000000,959000000,50372000000,22920000000,1216000000,413297000,0.010604734,0.019115256,-0.023339906,0.054185333,-0.002034588,2.483342744,-0.016460424,-0.025641026,0.142857143,0.007098353
443,11/4/2018,AVGO,5444000000,2509000000,948000000,50124000000,23467000000,1124000000,407638000,0.006380298,0.090647421,-0.007862085,-0.052874088,0,-0.7646296,0.036295806,0,2.25,0.008926232
444,2/3/2019,AVGO,5789000000,2581000000,1133000000,72110000000,48886000000,1074000000,396154000,0.009309453,-0.320395051,-0.026411499,0.008177315,-0.036697248,1.466942149,-0.114288788,0.026315789,1.884615385,-0.017532876
445,5/5/2019,AVGO,5517000000,2428000000,1151000000,70916000000,48744000000,1034000000,398514000,0.012342928,-0.473676175,0.009081852,0.059290702,0.042328042,0.425181463,0.028232989,-0.076923077,-0.493333333,0.024997195
446,8/4/2019,AVGO,5515000000,2481000000,1235000000,69767000000,48264000000,1091000000,397613000,0.012193754,-0.207234375,0.065028225,0.026201025,-0.047715736,-0.558080313,-0.053293437,0,0.210526316,-0.01826894
447,11/3/2019,AVGO,5776000000,2624000000,1177000000,67493000000,42523000000,874000000,397561000,0.008113241,0.201320047,0.071595161,0.042229998,0.036247335,-0.29787234,0.294675905,0,0.956521739,0.050617102
448,2/2/2020,AVGO,5858000000,2594000000,1289000000,81006000000,56610000000,944000000,399431000,-0.00776264,-0.473298921,0.00114732,-0.008722703,-0.00617284,-6.964646465,0.093161158,0.055555556,36.16666667,-0.076039177
449,5/3/2020,AVGO,5742000000,2553000000,1269000000,81548000000,57578000000,953000000,402103000,-0.08827645,-1.422867035,-0.228725763,-0.040636545,-0.232919255,0.116215072,0.408043207,2.421052632,-0.002092676,-0.056562143
450,8/2/2020,AVGO,5821000000,2505000000,1228000000,79298000000,55713000000,1081000000,404000000,0.087881073,2.738066762,0.054409797,0.132394626,0.021592443,-1.080504457,-0.077241253,-0.323076923,-0.999400839,0.300589008
451,11/1/2020,AVGO,6467000000,2720000000,1182000000,75933000000,52032000000,1003000000,407000000,0.01602243,-0.32651474,-0.202209278,0.070687354,0.054161162,1.191990577,0.10929026,-0.227272727,6,-0.032118814
452,1/31/2021,AVGO,6655000000,2703000000,1211000000,76972000000,52973000000,952000000,408000000,0.028065066,-0.385739032,-0.113179196,0.087553805,0.005012531,2.10424503,0.066697113,-0.088235294,-1,0.123124408
453,5/2/2021,AVGO,6610000000,2553000000,1238000000,75524000000,51558000000,1004000000,410000000,0.032853318,-1.32940312,0.573156417,0.082241037,0.067331671,0.567768738,0.025802752,-0.048387097,inf,0.092368624
454,8/1/2021,AVGO,6778000000,2581000000,1205000000,75880000000,51513000000,1160000000,412000000,0.021846116,-3.817313812,-0.023703672,0.056897957,-0.126168224,-0.124654963,0.007609465,-0.13559322,0.105263158,0.001502477
455,10/31/2021,AVGO,7407000000,2769000000,1200000000,75570000000,50581000000,1297000000,413000000,0.033914512,-1.81668933,0.334000373,0.040808111,-0.065508021,-0.119828456,-0.038007781,-0.176470588,-0.571428571,-0.007293597
456,1/30/2022,AVGO,7706000000,2657000000,1206000000,73224000000,50230000000,1520000000,410000000,0.016072818,2.225308436,0.320530482,-0.030040568,-0.097281831,-0.419891086,-0.016508083,-0.095238095,0,0.043170155
457,5/1/2022,AVGO,8103000000,2664000000,1261000000,71719000000,50729000000,1668000000,406000000,0.020532989,1.868123875,0.177029959,-0.080242212,-0.082408875,-0.689970356,-0.220466654,-0.052631579,2,0.058072562
458,7/31/2022,AVGO,8464000000,2783000000,1255000000,71326000000,50423000000,1838000000,405000000,0.018831434,-0.017726778,0.190360867,-0.030523642,-0.031088083,1.084462151,-0.041520201,0,-0.592592593,-0.049390295
459,10/30/2022,AVGO,8930000000,3004000000,1197000000,73249000000,50540000000,1925000000,418000000,0.01609594,0.698938861,0.08014407,-0.032253445,0.048128342,-0.406345566,,0,9,-0.048450002
460,1/29/2023,AVGO,8915000000,2911000000,1195000000,72976000000,49666000000,1899000000,417000000,,-0.007773642,0.007543269,0.038445263,0.098639456,0.224082421,,-0.027777778,,
461,5/31/2018,ACN,10695000000,7363000000,0,23251000000,13453000000,0,639217000,0.015614161,0.161903286,0.138620043,-0.011103063,-0.006066734,-0.446735395,-0.125672619,-0.025,-0.222222222,0.025792936
462,8/31/2018,ACN,10504000000,7419000000,790779000,24449000000,14084000000,0,640575000,0.010604734,0.019115256,-0.023339906,0.054185333,-0.002034588,2.483342744,-0.016460424,-0.025641026,0.142857143,0.007098353
463,11/30/2018,ACN,10606000000,7308000000,0,26706000000,14028000000,0,638877000,0.006380298,0.090647421,-0.007862085,-0.052874088,0,-0.7646296,0.036295806,0,2.25,0.008926232
464,2/28/2019,ACN,10454000000,7400000000,0,27390000000,14053000000,0,638640000,0.009309453,-0.320395051,-0.026411499,0.008177315,-0.036697248,1.466942149,-0.114288788,0.026315789,1.884615385,-0.017532876
465,5/31/2019,ACN,11100000000,7571000000,0,28156000000,14419000000,0,637831000,0.012342928,-0.473676175,0.009081852,0.059290702,0.042328042,0.425181463,0.028232989,-0.076923077,-0.493333333,0.024997195
466,8/31/2019,ACN,11056000000,7621000000,0,29790000000,15381000000,0,637049000,0.012193754,-0.207234375,0.065028225,0.026201025,-0.047715736,-0.558080313,-0.053293437,0,0.210526316,-0.01826894
467,11/30/2019,ACN,11359000000,7711000000,0,33171000000,18004000000,0,635722000,0.008113241,0.201320047,0.071595161,0.042229998,0.036247335,-0.29787234,0.294675905,0,0.956521739,0.050617102
468,2/29/2020,ACN,11142000000,7782000000,0,33503000000,18029000000,0,637486000,-0.00776264,-0.473298921,0.00114732,-0.008722703,-0.00617284,-6.964646465,0.093161158,0.055555556,36.16666667,-0.076039177
469,5/31/2020,ACN,10991000000,7463000000,0,35057000000,19043000000,0,636146000,-0.08827645,-1.422867035,-0.228725763,-0.040636545,-0.232919255,0.116215072,0.408043207,2.421052632,-0.002092676,-0.056562143
470,8/31/2020,ACN,10835000000,7395000000,0,37079000000,20078000000,0,635888000,0.087881073,2.738066762,0.054409797,0.132394626,0.021592443,-1.080504457,-0.077241253,-0.323076923,-0.999400839,0.300589008
471,11/30/2020,ACN,11762000000,7864000000,0,38268000000,20362000000,0,634271000,0.01602243,-0.32651474,-0.202209278,0.070687354,0.054161162,1.191990577,0.10929026,-0.227272727,6,-0.032118814
472,2/28/2021,ACN,12088000000,8493000000,0,39985000000,21677000000,0,635994000,0.028065066,-0.385739032,-0.113179196,0.087553805,0.005012531,2.10424503,0.066697113,-0.088235294,-1,0.123124408
473,5/31/2021,ACN,13264000000,8859000000,0,42125000000,22782000000,0,635204000,0.032853318,-1.32940312,0.573156417,0.082241037,0.067331671,0.567768738,0.025802752,-0.048387097,inf,0.092368624
474,8/31/2021,ACN,13419000000,8953000000,0,43176000000,23646000000,0,633546000,0.021846116,-3.817313812,-0.023703672,0.056897957,-0.126168224,-0.124654963,0.007609465,-0.13559322,0.105263158,0.001502477
475,11/30/2021,ACN,14965000000,10048000000,0,43675000000,23322000000,0,632281000,0.033914512,-1.81668933,0.334000373,0.040808111,-0.065508021,-0.119828456,-0.038007781,-0.176470588,-0.571428571,-0.007293597
476,2/28/2022,ACN,15047000000,10523000000,0,44318000000,23758000000,0,633957000,0.016072818,2.225308436,0.320530482,-0.030040568,-0.097281831,-0.419891086,-0.016508083,-0.095238095,0,0.043170155
477,5/31/2022,ACN,16159000000,10844000000,0,46095000000,24706000000,0,632749000,0.020532989,1.868123875,0.177029959,-0.080242212,-0.082408875,-0.689970356,-0.220466654,-0.052631579,2,0.058072562
478,8/31/2022,ACN,15424000000,10478000000,0,47263000000,25157000000,0,632095000,0.018831434,-0.017726778,0.190360867,-0.030523642,-0.031088083,1.084462151,-0.041520201,0,-0.592592593,-0.049390295
479,11/30/2022,ACN,15748000000,10562000000,0,47116000000,24141000000,0,630137000,0.01609594,0.698938861,0.08014407,-0.032253445,0.048128342,-0.406345566,,0,9,-0.048450002
480,2/28/2023,ACN,15814000000,10979000000,0,47727000000,23965000000,0,630845000,,-0.007773642,0.007543269,0.038445263,0.098639456,0.224082421,,-0.027777778,,
481,3/31/2018,TXN,3789000000,1342000000,385000000,17507000000,6865000000,2032000000,983000000,0.013105769,0.456297511,0.036384934,0.050013829,0.005081301,-0.572287547,0.045172494,-0.047619048,0.8,0.054504315
482,6/30/2018,TXN,4017000000,1398000000,384000000,18527000000,7893000000,2090000000,977000000,0.015614161,0.161903286,0.138620043,-0.011103063,-0.006066734,-0.446735395,-0.125672619,-0.025,-0.222222222,0.025792936
483,9/30/2018,TXN,4261000000,1457000000,390000000,18573000000,8057000000,2116000000,969000000,0.010604734,0.019115256,-0.023339906,0.054185333,-0.002034588,2.483342744,-0.016460424,-0.025641026,0.142857143,0.007098353
484,12/31/2018,TXN,3717000000,1310000000,400000000,17137000000,8143000000,2217000000,952000000,0.006380298,0.090647421,-0.007862085,-0.052874088,0,-0.7646296,0.036295806,0,2.25,0.008926232
485,3/31/2019,TXN,3594000000,1333000000,389000000,17443000000,8924000000,2131000000,939000000,0.009309453,-0.320395051,-0.026411499,0.008177315,-0.036697248,1.466942149,-0.114288788,0.026315789,1.884615385,-0.017532876
486,6/30/2019,TXN,3668000000,1308000000,390000000,17384000000,8898000000,2079000000,937000000,0.012342928,-0.473676175,0.009081852,0.059290702,0.042328042,0.425181463,0.028232989,-0.076923077,-0.493333333,0.024997195
487,9/30/2019,TXN,3771000000,1325000000,379000000,17992000000,9007000000,2040000000,935000000,0.012193754,-0.207234375,0.065028225,0.026201025,-0.047715736,-0.558080313,-0.053293437,0,0.210526316,-0.01826894
488,12/31/2019,TXN,3350000000,1253000000,386000000,18018000000,9111000000,2001000000,933000000,0.008113241,0.201320047,0.071595161,0.042229998,0.036247335,-0.29787234,0.294675905,0,0.956521739,0.050617102
489,3/31/2020,TXN,3329000000,1241000000,377000000,17283000000,9549000000,2003000000,931000000,-0.00776264,-0.473298921,0.00114732,-0.008722703,-0.00617284,-6.964646465,0.093161158,0.055555556,36.16666667,-0.076039177
490,6/30/2020,TXN,3239000000,1157000000,379000000,17445000000,9801000000,2136000000,916000000,-0.08827645,-1.422867035,-0.228725763,-0.040636545,-0.232919255,0.116215072,0.408043207,2.421052632,-0.002092676,-0.056562143
491,9/30/2020,TXN,3817000000,1364000000,386000000,18207000000,9882000000,2072000000,917000000,0.087881073,2.738066762,0.054409797,0.132394626,0.021592443,-1.080504457,-0.077241253,-0.323076923,-0.999400839,0.300589008
492,12/31/2020,TXN,4076000000,1430000000,388000000,19351000000,10164000000,1955000000,921000000,0.01602243,-0.32651474,-0.202209278,0.070687354,0.054161162,1.191990577,0.10929026,-0.227272727,6,-0.032118814
493,3/31/2021,TXN,4289000000,1492000000,386000000,19639000000,9473000000,1890000000,922000000,0.028065066,-0.385739032,-0.113179196,0.087553805,0.005012531,2.10424503,0.066697113,-0.088235294,-1,0.123124408
494,6/30/2021,TXN,4580000000,1503000000,391000000,20603000000,9450000000,1856000000,923000000,0.032853318,-1.32940312,0.573156417,0.082241037,0.067331671,0.567768738,0.025802752,-0.048387097,inf,0.092368624
495,9/30/2021,TXN,4643000000,1491000000,388000000,23273000000,11122000000,1863000000,923000000,0.021846116,-3.817313812,-0.023703672,0.056897957,-0.126168224,-0.124654963,0.007609465,-0.13559322,0.105263158,0.001502477
496,12/31/2021,TXN,4832000000,1482000000,389000000,24676000000,11343000000,1910000000,923000000,0.033914512,-1.81668933,0.334000373,0.040808111,-0.065508021,-0.119828456,-0.038007781,-0.176470588,-0.571428571,-0.007293597
497,3/31/2022,TXN,4905000000,1463000000,391000000,25276000000,11259000000,2060000000,923000000,0.016072818,2.225308436,0.320530482,-0.030040568,-0.097281831,-0.419891086,-0.016508083,-0.095238095,0,0.043170155
498,6/30/2022,TXN,5212000000,1587000000,414000000,24723000000,10631000000,2199000000,920000000,0.020532989,1.868123875,0.177029959,-0.080242212,-0.082408875,-0.689970356,-0.220466654,-0.052631579,2,0.058072562
499,9/30/2022,TXN,5241000000,1624000000,431000000,26057000000,11550000000,2404000000,913000000,0.018831434,-0.017726778,0.190360867,-0.030523642,-0.031088083,1.084462151,-0.041520201,0,-0.592592593,-0.049390295
500,12/31/2022,TXN,4670000000,1583000000,434000000,27207000000,12630000000,2757000000,907000000,0.01609594,0.698938861,0.08014407,-0.032253445,0.048128342,-0.406345566,,0,9,-0.048450002
501,5/31/2018,ORCL,39383000000,754000000,1543000000,1.37851E+11,91479000000,398000000,3997000000,0.015614161,0.161903286,0.138620043,-0.011103063,-0.006066734,-0.446735395,-0.125672619,-0.025,-0.222222222,0.025792936
502,8/31/2018,ORCL,8630000000,1953000000,1564000000,1.28358E+11,90291000000,0,3811000000,0.010604734,0.019115256,-0.023339906,0.054185333,-0.002034588,2.483342744,-0.016460424,-0.025641026,0.142857143,0.007098353
503,11/30/2018,ORCL,9021000000,2001000000,1475000000,1.18318E+11,87746000000,0,3632000000,0.006380298,0.090647421,-0.007862085,-0.052874088,0,-0.7646296,0.036295806,0,2.25,0.008926232
504,2/28/2019,ORCL,9092000000,1976000000,1426000000,1.09438E+11,85724000000,0,3443000000,0.009309453,-0.320395051,-0.026411499,0.008177315,-0.036697248,1.466942149,-0.114288788,0.026315789,1.884615385,-0.017532876
505,5/31/2019,ORCL,39506000000,2063000000,1562000000,1.08709E+11,86924000000,320000000,3359000000,0.012342928,-0.473676175,0.009081852,0.059290702,0.042328042,0.425181463,0.028232989,-0.076923077,-0.493333333,0.024997195
506,8/31/2019,ORCL,8673000000,1957000000,1557000000,1.06229E+11,87796000000,0,3296000000,0.012193754,-0.207234375,0.065028225,0.026201025,-0.047715736,-0.558080313,-0.053293437,0,0.210526316,-0.01826894
507,11/30/2019,ORCL,9127000000,2048000000,1531000000,98443000000,82880000000,0,3214000000,0.008113241,0.201320047,0.071595161,0.042229998,0.036247335,-0.29787234,0.294675905,0,0.956521739,0.050617102
508,2/29/2020,ORCL,9297000000,1964000000,1500000000,96704000000,82469000000,0,3161000000,-0.00776264,-0.473298921,0.00114732,-0.008722703,-0.00617284,-6.964646465,0.093161158,0.055555556,36.16666667,-0.076039177
509,5/31/2020,ORCL,39068000000,1969000000,1479000000,1.15438E+11,1.03364E+11,211000000,3067000000,-0.08827645,-1.422867035,-0.228725763,-0.040636545,-0.232919255,0.116215072,0.408043207,2.421052632,-0.002092676,-0.056562143
510,8/31/2020,ORCL,8703000000,1880000000,1589000000,1.13546E+11,1.04055E+11,0,3014000000,0.087881073,2.738066762,0.054409797,0.132394626,0.021592443,-1.080504457,-0.077241253,-0.323076923,-0.999400839,0.300589008
511,11/30/2020,ORCL,9184000000,1939000000,1601000000,1.10014E+11,1.02097E+11,0,2952000000,0.01602243,-0.32651474,-0.202209278,0.070687354,0.054161162,1.191990577,0.10929026,-0.227272727,6,-0.032118814
512,2/28/2021,ORCL,9482000000,1915000000,1621000000,1.18109E+11,1.09209E+11,0,2895000000,0.028065066,-0.385739032,-0.113179196,0.087553805,0.005012531,2.10424503,0.066697113,-0.088235294,-1,0.123124408
513,5/31/2021,ORCL,40479000000,2122000000,1715000000,1.31107E+11,1.25869E+11,142000000,2814000000,0.032853318,-1.32940312,0.573156417,0.082241037,0.067331671,0.567768738,0.025802752,-0.048387097,inf,0.092368624
514,8/31/2021,ORCL,8988000000,2103000000,1684000000,1.22924E+11,1.24465E+11,0,2743000000,0.021846116,-3.817313812,-0.023703672,0.056897957,-0.126168224,-0.124654963,0.007609465,-0.13559322,0.105263158,0.001502477
515,11/30/2021,ORCL,9635000000,2159000000,1754000000,1.06897E+11,1.16998E+11,0,2671000000,0.033914512,-1.81668933,0.334000373,0.040808111,-0.065508021,-0.119828456,-0.038007781,-0.176470588,-0.571428571,-0.007293597
516,2/28/2022,ORCL,9817000000,2218000000,1816000000,1.08644E+11,1.1734E+11,0,2668000000,0.016072818,2.225308436,0.320530482,-0.030040568,-0.097281831,-0.419891086,-0.016508083,-0.095238095,0,0.043170155
517,5/31/2022,ORCL,42440000000,2397000000,1965000000,1.09297E+11,1.15517E+11,314000000,2665000000,0.020532989,1.868123875,0.177029959,-0.080242212,-0.082408875,-0.689970356,-0.220466654,-0.052631579,2,0.058072562
518,8/31/2022,ORCL,10587000000,3037000000,2093000000,1.30309E+11,1.36184E+11,0,2696000000,0.018831434,-0.017726778,0.190360867,-0.030523642,-0.031088083,1.084462151,-0.041520201,0,-0.592592593,-0.049390295
519,11/30/2022,ORCL,11364000000,3358000000,2158000000,1.28469E+11,1.32715E+11,0,2695000000,0.01609594,0.698938861,0.08014407,-0.032253445,0.048128342,-0.406345566,,0,9,-0.048450002
520,2/28/2023,ORCL,11435000000,3439000000,2146000000,1.3162E+11,1.34041E+11,0,2700000000,,-0.007773642,0.007543269,0.038445263,0.098639456,0.224082421,,-0.027777778,,
521,3/31/2018,MSFT,26819000000,9269000000,3715000000,2.45497E+11,1.66258E+11,2084000000,7690000000,0.013105769,0.456297511,0.036384934,0.050013829,0.005081301,-0.572287547,0.045172494,-0.047619048,0.8,0.054504315
522,6/30/2018,MSFT,30085000000,9742000000,3933000000,2.58848E+11,1.7613E+11,2662000000,7677000000,0.015614161,0.161903286,0.138620043,-0.011103063,-0.006066734,-0.446735395,-0.125672619,-0.025,-0.222222222,0.025792936
523,9/30/2018,MSFT,28615000000,9905000000,3977000000,2.57619E+11,1.71652E+11,3614000000,7680000000,0.010604734,0.019115256,-0.023339906,0.054185333,-0.002034588,2.483342744,-0.016460424,-0.025641026,0.142857143,0.007098353
524,12/31/2018,MSFT,31796000000,12423000000,4070000000,2.58859E+11,1.66731E+11,1961000000,7683000000,0.006380298,0.090647421,-0.007862085,-0.052874088,0,-0.7646296,0.036295806,0,2.25,0.008926232
525,3/31/2019,MSFT,29993000000,10170000000,4316000000,2.63281E+11,1.68417E+11,1951000000,7666000000,0.009309453,-0.320395051,-0.026411499,0.008177315,-0.036697248,1.466942149,-0.114288788,0.026315789,1.884615385,-0.017532876
526,6/30/2019,MSFT,33717000000,10412000000,4513000000,2.86556E+11,1.84226E+11,2063000000,7643000000,0.012342928,-0.473676175,0.009081852,0.059290702,0.042328042,0.425181463,0.028232989,-0.076923077,-0.493333333,0.024997195
527,9/30/2019,MSFT,32428000000,10406000000,4565000000,2.78955E+11,1.72894E+11,2622000000,7634000000,0.012193754,-0.207234375,0.065028225,0.026201025,-0.047715736,-0.558080313,-0.053293437,0,0.210526316,-0.01826894
528,12/31/2019,MSFT,36322000000,12358000000,4603000000,2.82794E+11,1.72685E+11,1823000000,7611000000,0.008113241,0.201320047,0.071595161,0.042229998,0.036247335,-0.29787234,0.294675905,0,0.956521739,0.050617102
529,3/31/2020,MSFT,34315000000,10975000000,4887000000,2.85449E+11,1.70948E+11,1644000000,7590000000,-0.00776264,-0.473298921,0.00114732,-0.008722703,-0.00617284,-6.964646465,0.093161158,0.055555556,36.16666667,-0.076039177
530,6/30/2020,MSFT,38033000000,12339000000,5214000000,3.01311E+11,1.83007E+11,1895000000,7571000000,-0.08827645,-1.422867035,-0.228725763,-0.040636545,-0.232919255,0.116215072,0.408043207,2.421052632,-0.002092676,-0.056562143
531,9/30/2020,MSFT,36724000000,11002000000,4926000000,3.01001E+11,1.77609E+11,2705000000,7564000000,0.087881073,2.738066762,0.054409797,0.132394626,0.021592443,-1.080504457,-0.077241253,-0.323076923,-0.999400839,0.300589008
532,12/31/2020,MSFT,42558000000,14194000000,4899000000,3.04137E+11,1.73901E+11,1924000000,7546000000,0.01602243,-0.32651474,-0.202209278,0.070687354,0.054161162,1.191990577,0.10929026,-0.227272727,6,-0.032118814
533,3/31/2021,MSFT,41059000000,13045000000,5204000000,3.08879E+11,1.74374E+11,2245000000,7534000000,0.028065066,-0.385739032,-0.113179196,0.087553805,0.005012531,2.10424503,0.066697113,-0.088235294,-1,0.123124408
534,6/30/2021,MSFT,45595000000,13991000000,5687000000,3.33779E+11,1.91791E+11,2636000000,7519000000,0.032853318,-1.32940312,0.573156417,0.082241037,0.067331671,0.567768738,0.025802752,-0.048387097,inf,0.092368624
535,9/30/2021,MSFT,44743000000,13646000000,5599000000,3.35418E+11,1.8344E+11,3411000000,7510000000,0.021846116,-3.817313812,-0.023703672,0.056897957,-0.126168224,-0.124654963,0.007609465,-0.13559322,0.105263158,0.001502477
536,12/31/2021,MSFT,51228000000,16960000000,5758000000,3.40389E+11,1.80379E+11,3019000000,7500000000,0.033914512,-1.81668933,0.334000373,0.040808111,-0.065508021,-0.119828456,-0.038007781,-0.176470588,-0.571428571,-0.007293597
537,3/31/2022,MSFT,48732000000,15615000000,6306000000,3.44607E+11,1.81683E+11,3296000000,7483000000,0.016072818,2.225308436,0.320530482,-0.030040568,-0.097281831,-0.419891086,-0.016508083,-0.095238095,0,0.043170155
538,6/30/2022,MSFT,51406000000,16429000000,6849000000,3.6484E+11,1.98298E+11,3742000000,7464000000,0.020532989,1.868123875,0.177029959,-0.080242212,-0.082408875,-0.689970356,-0.220466654,-0.052631579,2,0.058072562
539,9/30/2022,MSFT,49636000000,15452000000,6628000000,3.59784E+11,1.86218E+11,4268000000,7457000000,0.018831434,-0.017726778,0.190360867,-0.030523642,-0.031088083,1.084462151,-0.041520201,0,-0.592592593,-0.049390295
540,12/31/2022,MSFT,52032000000,17488000000,6844000000,3.64552E+11,1.81416E+11,2980000000,7447000000,0.01609594,0.698938861,0.08014407,-0.032253445,0.048128342,-0.406345566,,0,9,-0.048450002
541,5/4/2018,DELL,21356000000,15478000000,1087000000,1.23217E+11,1.05393E+11,2933000000,768000000,0.015614161,0.161903286,0.138620043,-0.011103063,-0.006066734,-0.446735395,-0.125672619,-0.025,-0.222222222,0.025792936
542,8/3/2018,DELL,22942000000,16819000000,1175000000,1.23381E+11,1.06114E+11,3642000000,768000000,0.010604734,0.019115256,-0.023339906,0.054185333,-0.002034588,2.483342744,-0.016460424,-0.025641026,0.142857143,0.007098353
543,11/2/2018,DELL,22482000000,16539000000,1140000000,1.21241E+11,1.04721E+11,3793000000,769000000,0.006380298,0.090647421,-0.007862085,-0.052874088,0,-0.7646296,0.036295806,0,2.25,0.008926232
544,2/1/2019,DELL,23841000000,16732000000,1202000000,1.1182E+11,1.11566E+11,3649000000,719000000,0.009309453,-0.320395051,-0.026411499,0.008177315,-0.036697248,1.466942149,-0.114288788,0.026315789,1.884615385,-0.017532876
545,5/3/2019,DELL,21908000000,81000000,1176000000,1.09892E+11,1.09779E+11,3360000000,719000000,0.012342928,-0.473676175,0.009081852,0.059290702,0.042328042,0.425181463,0.028232989,-0.076923077,-0.493333333,0.024997195
546,8/2/2019,DELL,23370000000,179000000,1229000000,1.1552E+11,1.11401E+11,3135000000,724000000,0.012193754,-0.207234375,0.065028225,0.026201025,-0.047715736,-0.558080313,-0.053293437,0,0.210526316,-0.01826894
547,11/1/2019,DELL,22844000000,215000000,1262000000,1.16814E+11,1.12003E+11,3257000000,729000000,0.008113241,0.201320047,0.071595161,0.042229998,0.036247335,-0.29787234,0.294675905,0,0.956521739,0.050617102
548,1/31/2020,DELL,24032000000,107000000,-1213000000,1.18861E+11,1.15077E+11,3281000000,743000000,-0.00776264,-0.473298921,0.00114732,-0.008722703,-0.00617284,-6.964646465,0.093161158,0.055555556,36.16666667,-0.076039177
549,5/1/2020,DELL,20078000000,159000000,1265000000,1.20236E+11,1.16555E+11,3616000000,740000000,-0.08827645,-1.422867035,-0.228725763,-0.040636545,-0.232919255,0.116215072,0.408043207,2.421052632,-0.002092676,-0.056562143
550,7/31/2020,DELL,20853000000,174000000,1259000000,1.21276E+11,1.16108E+11,3602000000,745000000,0.087881073,2.738066762,0.054409797,0.132394626,0.021592443,-1.080504457,-0.077241253,-0.323076923,-0.999400839,0.300589008
551,10/30/2020,DELL,21589000000,102000000,1360000000,1.18948E+11,1.12482E+11,3393000000,749000000,0.01602243,-0.32651474,-0.202209278,0.070687354,0.054161162,1.191990577,0.10929026,-0.227272727,6,-0.032118814
552,1/29/2021,DELL,24150000000,143000000,-1429000000,1.23415E+11,1.1539E+11,3403000000,753000000,0.028065066,-0.385739032,-0.113179196,0.087553805,0.005012531,2.10424503,0.066697113,-0.088235294,-1,0.123124408
553,4/30/2021,DELL,22590000000,163000000,619000000,1.21752E+11,1.12608E+11,3828000000,764000000,0.032853318,-1.32940312,0.573156417,0.082241037,0.067331671,0.567768738,0.025802752,-0.048387097,inf,0.092368624
554,7/30/2021,DELL,24191000000,142000000,697000000,1.22678E+11,1.12735E+11,4223000000,765000000,0.021846116,-3.817313812,-0.023703672,0.056897957,-0.126168224,-0.124654963,0.007609465,-0.13559322,0.105263158,0.001502477
555,10/29/2021,DELL,26424000000,162000000,650000000,1.35677E+11,1.21483E+11,5442000000,767000000,0.033914512,-1.81668933,0.334000373,0.040808111,-0.065508021,-0.119828456,-0.038007781,-0.176470588,-0.571428571,-0.007293597
556,1/28/2022,DELL,27992000000,116000000,611000000,92735000000,94315000000,5898000000,757000000,0.016072818,2.225308436,0.320530482,-0.030040568,-0.097281831,-0.419891086,-0.016508083,-0.095238095,0,0.043170155
557,4/29/2022,DELL,26116000000,204000000,681000000,88406000000,90761000000,6277000000,747000000,0.020532989,1.868123875,0.177029959,-0.080242212,-0.082408875,-0.689970356,-0.220466654,-0.052631579,2,0.058072562
558,7/29/2022,DELL,26425000000,164000000,626000000,88775000000,91530000000,5883000000,734000000,0.018831434,-0.017726778,0.190360867,-0.030523642,-0.031088083,1.084462151,-0.041520201,0,-0.592592593,-0.049390295
559,10/28/2022,DELL,24721000000,164000000,677000000,85172000000,88540000000,6172000000,718000000,0.01609594,0.698938861,0.08014407,-0.032253445,0.048128342,-0.406345566,,0,9,-0.048450002
560,2/3/2023,DELL,25039000000,195000000,795000000,89611000000,92636000000,4776000000,716000000,,-0.007773642,0.007543269,0.038445263,0.098639456,0.224082421,,-0.027777778,,
561,3/31/2018,AMZN,50712000000,30735000000,6759000000,1.26362E+11,94899000000,13840000000,485000000,0.013105769,0.456297511,0.036384934,0.050013829,0.005081301,-0.572287547,0.045172494,-0.047619048,0.8,0.054504315
562,6/30/2018,AMZN,52543000000,30632000000,7247000000,1.341E+11,99105000000,14824000000,487000000,0.015614161,0.161903286,0.138620043,-0.011103063,-0.006066734,-0.446735395,-0.125672619,-0.025,-0.222222222,0.025792936
563,9/30/2018,AMZN,56218000000,33003000000,7162000000,1.43695E+11,1.0457E+11,15862000000,489000000,0.010604734,0.019115256,-0.023339906,0.054185333,-0.002034588,2.483342744,-0.016460424,-0.025641026,0.142857143,0.007098353
564,12/31/2018,AMZN,72383000000,44786000000,7669000000,1.62648E+11,1.19099E+11,17174000000,491000000,0.006380298,0.090647421,-0.007862085,-0.052874088,0,-0.7646296,0.036295806,0,2.25,0.008926232
565,3/31/2019,AMZN,59339000000,33920000000,7927000000,1.78102E+11,1.29692E+11,16432000000,492000000,0.009309453,-0.320395051,-0.026411499,0.008177315,-0.036697248,1.466942149,-0.114288788,0.026315789,1.884615385,-0.017532876
566,6/30/2019,AMZN,63021000000,36337000000,9065000000,1.91351E+11,1.3829E+11,18580000000,494000000,0.012342928,-0.473676175,0.009081852,0.059290702,0.042328042,0.425181463,0.028232989,-0.076923077,-0.493333333,0.024997195
567,9/30/2019,AMZN,69585000000,41302000000,9200000000,1.99099E+11,1.42591E+11,18766000000,495000000,0.012193754,-0.207234375,0.065028225,0.026201025,-0.047715736,-0.558080313,-0.053293437,0,0.210526316,-0.01826894
568,12/31/2019,AMZN,87437000000,53977000000,9740000000,2.25248E+11,1.63188E+11,20497000000,498000000,0.008113241,0.201320047,0.071595161,0.042229998,0.036247335,-0.29787234,0.294675905,0,0.956521739,0.050617102
569,3/31/2020,AMZN,75050000000,44257000000,9325000000,2.21238E+11,1.55966E+11,18857000000,499000000,-0.00776264,-0.473298921,0.00114732,-0.008722703,-0.00617284,-6.964646465,0.093161158,0.055555556,36.16666667,-0.076039177
570,6/30/2020,AMZN,88509000000,52660000000,10388000000,2.58314E+11,1.84586E+11,19599000000,501000000,-0.08827645,-1.422867035,-0.228725763,-0.040636545,-0.232919255,0.116215072,0.408043207,2.421052632,-0.002092676,-0.056562143
571,9/30/2020,AMZN,95717000000,57106000000,10976000000,2.82179E+11,1.99404E+11,23735000000,502000000,0.087881073,2.738066762,0.054409797,0.132394626,0.021592443,-1.080504457,-0.077241253,-0.323076923,-0.999400839,0.300589008
572,12/31/2020,AMZN,1.25555E+11,79284000000,12049000000,3.21195E+11,2.27791E+11,23795000000,503000000,0.01602243,-0.32651474,-0.202209278,0.070687354,0.054161162,1.191990577,0.10929026,-0.227272727,6,-0.032118814
573,3/31/2021,AMZN,1.08088E+11,62403000000,12488000000,3.23077E+11,2.19757E+11,23849000000,504000000,0.028065066,-0.385739032,-0.113179196,0.087553805,0.005012531,2.10424503,0.066697113,-0.088235294,-1,0.123124408
574,6/30/2021,AMZN,1.12755E+11,64176000000,13871000000,3.60319E+11,2.45516E+11,24119000000,506000000,0.032853318,-1.32940312,0.573156417,0.082241037,0.067331671,0.567768738,0.025802752,-0.048387097,inf,0.092368624
575,9/30/2021,AMZN,1.10212E+11,62930000000,14380000000,3.82406E+11,2.61842E+11,30933000000,507000000,0.021846116,-3.817313812,-0.023703672,0.056897957,-0.126168224,-0.124654963,0.007609465,-0.13559322,0.105263158,0.001502477
576,12/31/2021,AMZN,1.36903E+11,82835000000,15313000000,4.20549E+11,2.82304E+11,32640000000,509000000,0.033914512,-1.81668933,0.334000373,0.040808111,-0.065508021,-0.119828456,-0.038007781,-0.176470588,-0.571428571,-0.007293597
577,3/31/2022,AMZN,1.15986E+11,66499000000,14842000000,4.10767E+11,2.76766E+11,34987000000,509000000,0.016072818,2.225308436,0.320530482,-0.030040568,-0.097281831,-0.419891086,-0.016508083,-0.095238095,0,0.043170155
578,6/30/2022,AMZN,1.20533E+11,66424000000,18072000000,4.19728E+11,2.88326E+11,38153000000,10183000000,0.020532989,1.868123875,0.177029959,-0.080242212,-0.082408875,-0.689970356,-0.220466654,-0.052631579,2,0.058072562
579,9/30/2022,AMZN,1.26381E+11,70268000000,19485000000,4.28362E+11,2.90873E+11,36647000000,10198000000,0.018831434,-0.017726778,0.190360867,-0.030523642,-0.031088083,1.084462151,-0.041520201,0,-0.592592593,-0.049390295
580,12/31/2022,AMZN,1.48376E+11,85640000000,20814000000,4.62675E+11,3.16632E+11,34405000000,10242000000,0.01609594,0.698938861,0.08014407,-0.032253445,0.048128342,-0.406345566,,0,9,-0.048450002
581,3/31/2018,GOOG,31146000000,13467000000,5039000000,2.06935E+11,46110000000,636000000,694945000,0.013105769,0.456297511,0.036384934,0.050013829,0.005081301,-0.572287547,0.045172494,-0.047619048,0.8,0.054504315
582,6/30/2018,GOOG,32657000000,13883000000,5114000000,2.1161E+11,49610000000,698000000,695946000,0.015614161,0.161903286,0.138620043,-0.011103063,-0.006066734,-0.446735395,-0.125672619,-0.025,-0.222222222,0.025792936
583,9/30/2018,GOOG,33740000000,14281000000,5232000000,2.21538E+11,51698000000,1212000000,695957000,0.010604734,0.019115256,-0.023339906,0.054185333,-0.002034588,2.483342744,-0.016460424,-0.025641026,0.142857143,0.007098353
584,12/31/2018,GOOG,39276000000,17918000000,6034000000,2.32792E+11,55164000000,1107000000,695556000,0.006380298,0.090647421,-0.007862085,-0.052874088,0,-0.7646296,0.036295806,0,2.25,0.008926232
585,3/31/2019,GOOG,36339000000,16012000000,6029000000,2.45349E+11,61877000000,1053000000,694782000,0.009309453,-0.320395051,-0.026411499,0.008177315,-0.036697248,1.466942149,-0.114288788,0.026315789,1.884615385,-0.017532876
586,6/30/2019,GOOG,39045000000,17296000000,6213000000,2.57101E+11,64909000000,964000000,694050000,0.012342928,-0.473676175,0.009081852,0.059290702,0.042328042,0.425181463,0.028232989,-0.076923077,-0.493333333,0.024997195
587,9/30/2019,GOOG,40503000000,17568000000,6554000000,2.63044E+11,68075000000,1401000000,690906000,0.012193754,-0.207234375,0.065028225,0.026201025,-0.047715736,-0.558080313,-0.053293437,0,0.210526316,-0.01826894
588,12/31/2019,GOOG,45569000000,21020000000,7222000000,2.75909E+11,74467000000,999000000,688335000,0.008113241,0.201320047,0.071595161,0.042229998,0.036247335,-0.29787234,0.294675905,0,0.956521739,0.050617102
589,3/31/2020,GOOG,41159000000,18982000000,6820000000,2.73403E+11,69744000000,889000000,683972000,-0.00776264,-0.473298921,0.00114732,-0.008722703,-0.00617284,-6.964646465,0.093161158,0.055555556,36.16666667,-0.076039177
590,6/30/2020,GOOG,38297000000,18553000000,6875000000,2.78492E+11,71170000000,815000000,681215000,-0.08827645,-1.422867035,-0.228725763,-0.040636545,-0.232919255,0.116215072,0.408043207,2.421052632,-0.002092676,-0.056562143
591,9/30/2020,GOOG,46130000000,21117000000,6856000000,2.99243E+11,86323000000,835000000,677724000,0.087881073,2.738066762,0.054409797,0.132394626,0.021592443,-1.080504457,-0.077241253,-0.323076923,-0.999400839,0.300589008
592,12/31/2020,GOOG,56118000000,26080000000,7022000000,3.19616E+11,97072000000,728000000,675222000,0.01602243,-0.32651474,-0.202209278,0.070687354,0.054161162,1.191990577,0.10929026,-0.227272727,6,-0.032118814
593,3/31/2021,GOOG,55314000000,24103000000,7485000000,3.27095E+11,97082000000,888000000,671094000,0.028065066,-0.385739032,-0.113179196,0.087553805,0.005012531,2.10424503,0.066697113,-0.088235294,-1,0.123124408
594,6/30/2021,GOOG,61880000000,26227000000,7675000000,3.35387E+11,97822000000,907000000,667637000,0.032853318,-1.32940312,0.573156417,0.082241037,0.067331671,0.567768738,0.025802752,-0.048387097,inf,0.092368624
595,9/30/2021,GOOG,64928000000,27621000000,7694000000,3.47403E+11,1.02836E+11,1278000000,664682000,0.021846116,-3.817313812,-0.023703672,0.056897957,-0.126168224,-0.124654963,0.007609465,-0.13559322,0.105263158,0.001502477
596,12/31/2021,GOOG,75140000000,32988000000,8708000000,3.59268E+11,1.07633E+11,1170000000,662121000,0.033914512,-1.81668933,0.334000373,0.040808111,-0.065508021,-0.119828456,-0.038007781,-0.176470588,-0.571428571,-0.007293597
597,3/31/2022,GOOG,68059000000,29599000000,9119000000,3.57096E+11,1.03092E+11,1369000000,658763000,0.016072818,2.225308436,0.320530482,-0.030040568,-0.097281831,-0.419891086,-0.016508083,-0.095238095,0,0.043170155
598,6/30/2022,GOOG,69743000000,30104000000,9841000000,3.55185E+11,99766000000,1980000000,13078000000,0.020532989,1.868123875,0.177029959,-0.080242212,-0.082408875,-0.689970356,-0.220466654,-0.052631579,2,0.058072562
599,9/30/2022,GOOG,69420000000,31158000000,10273000000,3.58255E+11,1.04629E+11,3156000000,12971000000,0.018831434,-0.017726778,0.190360867,-0.030523642,-0.031088083,1.084462151,-0.041520201,0,-0.592592593,-0.049390295
600,12/31/2022,GOOG,74291000000,35342000000,10267000000,3.65264E+11,1.0912E+11,2670000000,12849000000,0.01609594,0.698938861,0.08014407,-0.032253445,0.048128342,-0.406345566,,0,9,-0.048450002
601,3/31/2018,AAPL,61137000000,37715000000,3378000000,3.67502E+11,2.40624E+11,7662000000,4943000000,0.013105769,0.456297511,0.036384934,0.050013829,0.005081301,-0.572287547,0.045172494,-0.047619048,0.8,0.054504315
602,6/30/2018,AAPL,53265000000,32844000000,3701000000,3.49197E+11,2.34248E+11,5936000000,4843000000,0.015614161,0.161903286,0.138620043,-0.011103063,-0.006066734,-0.446735395,-0.125672619,-0.025,-0.222222222,0.025792936
603,9/30/2018,AAPL,62900000000,38816000000,3750000000,3.65725E+11,2.58578E+11,3956000000,4755000000,0.010604734,0.019115256,-0.023339906,0.054185333,-0.002034588,2.483342744,-0.016460424,-0.025641026,0.142857143,0.007098353
604,12/31/2018,AAPL,83420000000,52279000000,3902000000,3.73719E+11,2.55827E+11,4988000000,4730000000,0.006380298,0.090647421,-0.007862085,-0.052874088,0,-0.7646296,0.036295806,0,2.25,0.008926232
605,3/31/2019,AAPL,57005000000,36194000000,3948000000,3.41998E+11,2.36138E+11,4884000000,4607000000,0.009309453,-0.320395051,-0.026411499,0.008177315,-0.036697248,1.466942149,-0.114288788,0.026315789,1.884615385,-0.017532876
606,6/30/2019,AAPL,52943000000,33582000000,4257000000,3.22239E+11,2.25783E+11,3355000000,4531000000,0.012342928,-0.473676175,0.009081852,0.059290702,0.042328042,0.425181463,0.028232989,-0.076923077,-0.493333333,0.024997195
607,9/30/2019,AAPL,64040000000,39727000000,4110000000,3.38516E+11,2.48028E+11,4106000000,4443000000,0.012193754,-0.207234375,0.065028225,0.026201025,-0.047715736,-0.558080313,-0.053293437,0,0.210526316,-0.01826894
608,12/31/2019,AAPL,91034000000,56602000000,4451000000,3.40618E+11,2.51087E+11,4097000000,4385000000,0.008113241,0.201320047,0.071595161,0.042229998,0.036247335,-0.29787234,0.294675905,0,0.956521739,0.050617102
609,3/31/2020,AAPL,57556000000,35943000000,4565000000,3.204E+11,2.41975E+11,3334000000,4324000000,-0.00776264,-0.473298921,0.00114732,-0.008722703,-0.00617284,-6.964646465,0.093161158,0.055555556,36.16666667,-0.076039177
610,6/30/2020,AAPL,58988000000,37005000000,4758000000,3.17344E+11,2.45062E+11,3978000000,4284000000,-0.08827645,-1.422867035,-0.228725763,-0.040636545,-0.232919255,0.116215072,0.408043207,2.421052632,-0.002092676,-0.056562143
611,9/30/2020,AAPL,64698000000,40009000000,4978000000,3.23888E+11,2.58549E+11,4061000000,16977000000,0.087881073,2.738066762,0.054409797,0.132394626,0.021592443,-1.080504457,-0.077241253,-0.323076923,-0.999400839,0.300589008
612,12/31/2020,AAPL,1.10801E+11,67111000000,5163000000,3.54054E+11,2.8783E+11,4973000000,16823000000,0.01602243,-0.32651474,-0.202209278,0.070687354,0.054161162,1.191990577,0.10929026,-0.227272727,6,-0.032118814
613,3/31/2021,AAPL,88914000000,51505000000,5262000000,3.37158E+11,2.6798E+11,5219000000,16686000000,0.028065066,-0.385739032,-0.113179196,0.087553805,0.005012531,2.10424503,0.066697113,-0.088235294,-1,0.123124408
614,6/30/2021,AAPL,80769000000,46179000000,5717000000,3.2984E+11,2.6556E+11,5178000000,16557000000,0.032853318,-1.32940312,0.573156417,0.082241037,0.067331671,0.567768738,0.025802752,-0.048387097,inf,0.092368624
615,9/30/2021,AAPL,82688000000,48186000000,5772000000,3.51002E+11,2.87912E+11,6580000000,16427000000,0.021846116,-3.817313812,-0.023703672,0.056897957,-0.126168224,-0.124654963,0.007609465,-0.13559322,0.105263158,0.001502477
616,12/31/2021,AAPL,1.23251E+11,69702000000,6306000000,3.81191E+11,3.09259E+11,5876000000,16341000000,0.033914512,-1.81668933,0.334000373,0.040808111,-0.065508021,-0.119828456,-0.038007781,-0.176470588,-0.571428571,-0.007293597
617,3/31/2022,AAPL,96587000000,54719000000,6387000000,3.50662E+11,2.83263E+11,5460000000,16208000000,0.016072818,2.225308436,0.320530482,-0.030040568,-0.097281831,-0.419891086,-0.016508083,-0.095238095,0,0.043170155
618,6/30/2022,AAPL,82240000000,47074000000,6797000000,3.36309E+11,2.78202E+11,5433000000,16095000000,0.020532989,1.868123875,0.177029959,-0.080242212,-0.082408875,-0.689970356,-0.220466654,-0.052631579,2,0.058072562
619,9/30/2022,AAPL,89319000000,52051000000,6761000000,3.52755E+11,3.02083E+11,4946000000,15943000000,0.018831434,-0.017726778,0.190360867,-0.030523642,-0.031088083,1.084462151,-0.041520201,0,-0.592592593,-0.049390295
620,12/31/2022,AAPL,1.16151E+11,66822000000,7709000000,3.46747E+11,2.9002E+11,6820000000,15842000000,0.01609594,0.698938861,0.08014407,-0.032253445,0.048128342,-0.406345566,,0,9,-0.048450002
621,3/31/2018,VZ,31772000000,13255000000,0,2.64516E+11,2.20711E+11,1285000000,4104000000,0.013105769,0.456297511,0.036384934,0.050013829,0.005081301,-0.572287547,0.045172494,-0.047619048,0.8,0.054504315
622,6/30/2018,VZ,32203000000,13631000000,0,2.63303E+11,2.23283E+11,1102000000,4135000000,0.015614161,0.161903286,0.138620043,-0.011103063,-0.006066734,-0.446735395,-0.125672619,-0.025,-0.222222222,0.025792936
623,9/30/2018,VZ,32607000000,13331000000,0,2.65562E+11,2.22991E+11,1270000000,4136000000,0.010604734,0.019115256,-0.023339906,0.054185333,-0.002034588,2.483342744,-0.016460424,-0.025641026,0.142857143,0.007098353
624,12/31/2018,VZ,34281000000,15291000000,0,2.64829E+11,2.62123E+11,1336000000,4137000000,0.006380298,0.090647421,-0.007862085,-0.052874088,0,-0.7646296,0.036295806,0,2.25,0.008926232
625,3/31/2019,VZ,32128000000,12990000000,0,2.83947E+11,2.75436E+11,1417000000,4138000000,0.009309453,-0.320395051,-0.026411499,0.008177315,-0.036697248,1.466942149,-0.114288788,0.026315789,1.884615385,-0.017532876
626,6/30/2019,VZ,32071000000,12721000000,0,2.83108E+11,2.73751E+11,1167000000,4138000000,0.012342928,-0.473676175,0.009081852,0.059290702,0.042328042,0.425181463,0.028232989,-0.076923077,-0.493333333,0.024997195
627,9/30/2019,VZ,32894000000,13384000000,0,2.84875E+11,2.54945E+11,1538000000,4138000000,0.012193754,-0.207234375,0.065028225,0.026201025,-0.047715736,-0.558080313,-0.053293437,0,0.210526316,-0.01826894
628,12/31/2019,VZ,34775000000,15631000000,0,2.91727E+11,2.63005E+11,1422000000,4138000000,0.008113241,0.201320047,0.071595161,0.042229998,0.036247335,-0.29787234,0.294675905,0,0.956521739,0.050617102
629,3/31/2020,VZ,31610000000,12296000000,0,2.945E+11,2.4245E+11,1633000000,4139000000,-0.00776264,-0.473298921,0.00114732,-0.008722703,-0.00617284,-6.964646465,0.093161158,0.055555556,36.16666667,-0.076039177
630,6/30/2020,VZ,30447000000,11749000000,0,2.93259E+11,2.39257E+11,1289000000,4139000000,-0.08827645,-1.422867035,-0.228725763,-0.040636545,-0.232919255,0.116215072,0.408043207,2.421052632,-0.002092676,-0.056562143
631,9/30/2020,VZ,31543000000,12334000000,0,2.96994E+11,2.43918E+11,1457000000,4140000000,0.087881073,2.738066762,0.054409797,0.132394626,0.021592443,-1.080504457,-0.077241253,-0.323076923,-0.999400839,0.300589008
632,12/31/2020,VZ,34692000000,14822000000,0,3.16481E+11,2.81868E+11,1796000000,4143000000,0.01602243,-0.32651474,-0.202209278,0.070687354,0.054161162,1.191990577,0.10929026,-0.227272727,6,-0.032118814
633,3/31/2021,VZ,32867000000,13522000000,0,3.45573E+11,2.86114E+11,1303000000,4141000000,0.028065066,-0.385739032,-0.113179196,0.087553805,0.005012531,2.10424503,0.066697113,-0.088235294,-1,0.123124408
634,6/30/2021,VZ,33764000000,14255000000,0,3.4919E+11,3.13655E+11,1421000000,4141000000,0.032853318,-1.32940312,0.573156417,0.082241037,0.067331671,0.567768738,0.025802752,-0.048387097,inf,0.092368624
635,9/30/2021,VZ,32915000000,13528000000,0,3.53457E+11,3.12586E+11,2303000000,4142000000,0.021846116,-3.817313812,-0.023703672,0.056897957,-0.126168224,-0.124654963,0.007609465,-0.13559322,0.105263158,0.001502477
636,12/31/2021,VZ,34067000000,14996000000,0,3.66596E+11,3.25165E+11,3055000000,4169000000,0.033914512,-1.81668933,0.334000373,0.040808111,-0.065508021,-0.119828456,-0.038007781,-0.176470588,-0.571428571,-0.007293597
637,3/31/2022,VZ,33554000000,14350000000,0,3.65716E+11,2.9598E+11,3659000000,4201000000,0.016072818,2.225308436,0.320530482,-0.030040568,-0.097281831,-0.419891086,-0.016508083,-0.095238095,0,0.043170155
638,6/30/2022,VZ,33789000000,14420000000,0,3.70147E+11,2.9861E+11,3646000000,4201000000,0.020532989,1.868123875,0.177029959,-0.080242212,-0.082408875,-0.689970356,-0.220466654,-0.052631579,2,0.058072562
639,9/30/2022,VZ,34241000000,14601000000,0,3.7509E+11,3.02618E+11,3133000000,4202000000,0.018831434,-0.017726778,0.190360867,-0.030523642,-0.031088083,1.084462151,-0.041520201,0,-0.592592593,-0.049390295
640,12/31/2022,VZ,35251000000,15762000000,0,3.7968E+11,3.28471E+11,2388000000,4205000000,0.01609594,0.698938861,0.08014407,-0.032253445,0.048128342,-0.406345566,,0,9,-0.048450002
641,3/31/2018,T,38038000000,7932000000,0,4.46343E+11,2.99267E+11,0,6161000000,0.013105769,0.456297511,0.036384934,0.050013829,0.005081301,-0.572287547,0.045172494,-0.047619048,0.8,0.054504315
642,6/30/2018,T,38986000000,7632000000,0,5.34691E+11,3.50561E+11,2313000000,6351000000,0.015614161,0.161903286,0.138620043,-0.011103063,-0.006066734,-0.446735395,-0.125672619,-0.025,-0.222222222,0.025792936
643,9/30/2018,T,45739000000,8651000000,0,5.3487E+11,3.56819E+11,2310000000,7284000000,0.010604734,0.019115256,-0.023339906,0.054185333,-0.002034588,2.483342744,-0.016460424,-0.025641026,0.142857143,0.007098353
644,12/31/2018,T,47993000000,23309000000,0,5.31864E+11,4.16994E+11,2771000000,7303000000,0.006380298,0.090647421,-0.007862085,-0.052874088,0,-0.7646296,0.036295806,0,2.25,0.008926232
645,3/31/2019,T,44827000000,20739000000,0,5.48384E+11,3.48035E+11,0,7313000000,0.009309453,-0.320395051,-0.026411499,0.008177315,-0.036697248,1.466942149,-0.114288788,0.026315789,1.884615385,-0.017532876
646,6/30/2019,T,44957000000,20512000000,0,5.46914E+11,3.44652E+11,0,7323000000,0.012342928,-0.473676175,0.009081852,0.059290702,0.042328042,0.425181463,0.028232989,-0.076923077,-0.493333333,0.024997195
647,9/30/2019,T,44588000000,20154000000,0,5.48796E+11,3.06233E+11,0,7327000000,0.012193754,-0.207234375,0.065028225,0.026201025,-0.047715736,-0.558080313,-0.053293437,0,0.210526316,-0.01826894
648,12/31/2019,T,46821000000,22736000000,0,5.51669E+11,3.68233E+11,2864000000,7313000000,0.008113241,0.201320047,0.071595161,0.042229998,0.036247335,-0.29787234,0.294675905,0,0.956521739,0.050617102
649,3/31/2020,T,42779000000,19281000000,0,5.45354E+11,3.59308E+11,0,7187000000,-0.00776264,-0.473298921,0.00114732,-0.008722703,-0.00617284,-6.964646465,0.093161158,0.055555556,36.16666667,-0.076039177
650,6/30/2020,T,40950000000,17983000000,0,5.47898E+11,3.63642E+11,0,7145000000,-0.08827645,-1.422867035,-0.228725763,-0.040636545,-0.232919255,0.116215072,0.408043207,2.421052632,-0.002092676,-0.056562143
651,9/30/2020,T,42340000000,19839000000,0,5.38553E+11,3.52842E+11,13948000000,7147000000,0.087881073,2.738066762,0.054409797,0.132394626,0.021592443,-1.080504457,-0.077241253,-0.323076923,-0.999400839,0.300589008
652,12/31/2020,T,16981000000,22910000000,0,5.25761E+11,3.701E+11,3592000000,7148000000,0.01602243,-0.32651474,-0.202209278,0.070687354,0.054161162,1.191990577,0.10929026,-0.227272727,6,-0.032118814
653,3/31/2021,T,35877000000,21087000000,0,5.46985E+11,3.72499E+11,3347000000,7161000000,0.028065066,-0.385739032,-0.113179196,0.087553805,0.005012531,2.10424503,0.066697113,-0.088235294,-1,0.123124408
654,6/30/2021,T,35740000000,21099000000,0,5.4471E+11,3.95084E+11,2810000000,7168000000,0.032853318,-1.32940312,0.573156417,0.082241037,0.067331671,0.567768738,0.025802752,-0.048387097,inf,0.092368624
655,9/30/2021,T,31326000000,17826000000,0,5.47107E+11,3.9598E+11,3088000000,7171000000,0.021846116,-3.817313812,-0.023703672,0.056897957,-0.126168224,-0.124654963,0.007609465,-0.13559322,0.105263158,0.001502477
656,12/31/2021,T,31095000000,19795000000,0,5.51622E+11,4.1234E+11,3464000000,7171000000,0.033914512,-1.81668933,0.334000373,0.040808111,-0.065508021,-0.119828456,-0.038007781,-0.176470588,-0.571428571,-0.007293597
657,3/31/2022,T,29712000000,17557000000,0,5.77195E+11,4.20433E+11,3153000000,7184000000,0.016072818,2.225308436,0.320530482,-0.030040568,-0.097281831,-0.419891086,-0.016508083,-0.095238095,0,0.043170155
658,6/30/2022,T,29643000000,12341000000,0,4.26433E+11,3.16944E+11,3241000000,7169000000,0.020532989,1.868123875,0.177029959,-0.080242212,-0.082408875,-0.689970356,-0.220466654,-0.052631579,2,0.058072562
659,9/30/2022,T,30043000000,12201000000,0,4.26463E+11,3.12399E+11,3935000000,7153000000,0.018831434,-0.017726778,0.190360867,-0.030523642,-0.031088083,1.084462151,-0.041520201,0,-0.592592593,-0.049390295
660,12/31/2022,T,31343000000,13571000000,0,4.02853E+11,3.37878E+11,3123000000,7157000000,0.01609594,0.698938861,0.08014407,-0.032253445,0.048128342,-0.406345566,,0,9,-0.048450002
661,4/30/2018,HPQ,14003000000,11935000000,356000000,32087000000,33950000000,5557000000,1611000000,0.015614161,0.161903286,0.138620043,-0.011103063,-0.006066734,-0.446735395,-0.125672619,-0.025,-0.222222222,0.025792936
662,7/31/2018,HPQ,14586000000,11301000000,347000000,34254000000,36021000000,6091000000,1582000000,0.010604734,0.019115256,-0.023339906,0.054185333,-0.002034588,2.483342744,-0.016460424,-0.025641026,0.142857143,0.007098353
663,10/31/2018,HPQ,15366000000,11898000000,354000000,34622000000,35261000000,6091000000,1560000000,0.006380298,0.090647421,-0.007862085,-0.052874088,0,-0.7646296,0.036295806,0,2.25,0.008926232
664,1/31/2019,HPQ,14710000000,12669000000,344000000,32490000000,34327000000,5649000000,1539000000,0.009309453,-0.320395051,-0.026411499,0.008177315,-0.036697248,1.466942149,-0.114288788,0.026315789,1.884615385,-0.017532876
665,4/30/2019,HPQ,14036000000,12098000000,353000000,31946000000,33433000000,5394000000,1506000000,0.012342928,-0.473676175,0.009081852,0.059290702,0.042328042,0.425181463,0.028232989,-0.076923077,-0.493333333,0.024997195
666,7/31/2019,HPQ,14603000000,11307000000,413000000,32405000000,33536000000,5716000000,1482000000,0.012193754,-0.207234375,0.065028225,0.026201025,-0.047715736,-0.558080313,-0.053293437,0,0.210526316,-0.01826894
667,10/31/2019,HPQ,15407000000,11698000000,389000000,33467000000,34660000000,5734000000,1458000000,0.008113241,0.201320047,0.071595161,0.042229998,0.036247335,-0.29787234,0.294675905,0,0.956521739,0.050617102
668,1/31/2020,HPQ,14618000000,12483000000,400000000,31656000000,33290000000,4946000000,1433000000,-0.00776264,-0.473298921,0.00114732,-0.008722703,-0.00617284,-6.964646465,0.093161158,0.055555556,36.16666667,-0.076039177
669,4/30/2020,HPQ,12469000000,11746000000,338000000,33773000000,34516000000,6354000000,1430000000,-0.08827645,-1.422867035,-0.228725763,-0.040636545,-0.232919255,0.116215072,0.408043207,2.421052632,-0.002092676,-0.056562143
670,7/31/2020,HPQ,14294000000,9976000000,359000000,34244000000,36230000000,5896000000,1373000000,0.087881073,2.738066762,0.054409797,0.132394626,0.021592443,-1.080504457,-0.077241253,-0.323076923,-0.999400839,0.300589008
671,10/31/2020,HPQ,15258000000,11901000000,381000000,34681000000,36909000000,5963000000,1304000000,0.01602243,-0.32651474,-0.202209278,0.070687354,0.054161162,1.191990577,0.10929026,-0.227272727,6,-0.032118814
672,1/31/2021,HPQ,15646000000,12579000000,471000000,34737000000,37972000000,6668000000,1253000000,0.028065066,-0.385739032,-0.113179196,0.087553805,0.005012531,2.10424503,0.066697113,-0.088235294,-1,0.123124408
673,4/30/2021,HPQ,15877000000,12322000000,514000000,34549000000,37909000000,7502000000,1201000000,0.032853318,-1.32940312,0.573156417,0.082241037,0.067331671,0.567768738,0.025802752,-0.048387097,inf,0.092368624
674,7/31/2021,HPQ,15289000000,12437000000,477000000,35523000000,39465000000,8165000000,1153000000,0.021846116,-3.817313812,-0.023703672,0.056897957,-0.126168224,-0.124654963,0.007609465,-0.13559322,0.105263158,0.001502477
675,10/31/2021,HPQ,16675000000,11901000000,445000000,38610000000,40260000000,7930000000,1092000000,0.033914512,-1.81668933,0.334000373,0.040808111,-0.065508021,-0.119828456,-0.038007781,-0.176470588,-0.571428571,-0.007293597
676,1/31/2022,HPQ,17028000000,13410000000,418000000,38912000000,41240000000,9018000000,1060000000,0.016072818,2.225308436,0.320530482,-0.030040568,-0.097281831,-0.419891086,-0.016508083,-0.095238095,0,0.043170155
677,4/30/2022,HPQ,16490000000,13643000000,425000000,39901000000,41799000000,8944000000,1033000000,0.020532989,1.868123875,0.177029959,-0.080242212,-0.082408875,-0.689970356,-0.220466654,-0.052631579,2,0.058072562
678,7/31/2022,HPQ,14664000000,13157000000,368000000,39247000000,41565000000,8192000000,1006000000,0.018831434,-0.017726778,0.190360867,-0.030523642,-0.031088083,1.084462151,-0.041520201,0,-0.592592593,-0.049390295
679,10/31/2022,HPQ,14801000000,11764000000,382000000,38587000000,41505000000,7595000000,980000000,0.01609594,0.698938861,0.08014407,-0.032253445,0.048128342,-0.406345566,,0,9,-0.048450002
680,1/31/2023,HPQ,13828000000,12084000000,403000000,36148000000,39878000000,7344000000,985000000,,-0.007773642,0.007543269,0.038445263,0.098639456,0.224082421,,-0.027777778,,
681,3/31/2018,CHTR,10657000000,6836000000,0,1.46151E+11,1.07383E+11,0,237762000,0.013105769,0.456297511,0.036384934,0.050013829,0.005081301,-0.572287547,0.045172494,-0.047619048,0.8,0.054504315
682,6/30/2018,CHTR,10854000000,6873000000,0,1.46251E+11,1.08808E+11,0,234242000,0.015614161,0.161903286,0.138620043,-0.011103063,-0.006066734,-0.446735395,-0.125672619,-0.025,-0.222222222,0.025792936
683,9/30/2018,CHTR,10892000000,7012000000,0,1.46085E+11,1.0898E+11,0,230555000,0.010604734,0.019115256,-0.023339906,0.054185333,-0.002034588,2.483342744,-0.016460424,-0.025641026,0.142857143,0.007098353
684,12/31/2018,CHTR,11231000000,7139000000,0,1.4613E+11,1.09845E+11,0,227006000,0.006380298,0.090647421,-0.007862085,-0.052874088,0,-0.7646296,0.036295806,0,2.25,0.008926232
685,3/31/2019,CHTR,11206000000,7236000000,0,1.47257E+11,1.11523E+11,0,224630000,0.009309453,-0.320395051,-0.026411499,0.008177315,-0.036697248,1.466942149,-0.114288788,0.026315789,1.884615385,-0.017532876
686,6/30/2019,CHTR,11347000000,7244000000,0,1.46085E+11,1.10799E+11,0,222392000,0.012342928,-0.473676175,0.009081852,0.059290702,0.042328042,0.425181463,0.028232989,-0.076923077,-0.493333333,0.024997195
687,9/30/2019,CHTR,11450000000,7435000000,0,1.45267E+11,1.12293E+11,0,218499000,0.012193754,-0.207234375,0.065028225,0.026201025,-0.047715736,-0.558080313,-0.053293437,0,0.210526316,-0.01826894
688,12/31/2019,CHTR,11761000000,7309000000,0,1.48188E+11,1.16743E+11,0,212648000,0.008113241,0.201320047,0.071595161,0.042229998,0.036247335,-0.29787234,0.294675905,0,0.956521739,0.050617102
689,3/31/2020,CHTR,11738000000,7432000000,0,1.46552E+11,1.16924E+11,0,207831000,-0.00776264,-0.473298921,0.00114732,-0.008722703,-0.00617284,-6.964646465,0.093161158,0.055555556,36.16666667,-0.076039177
690,6/30/2020,CHTR,11696000000,7297000000,0,1.45136E+11,1.1578E+11,0,205777000,-0.08827645,-1.422867035,-0.228725763,-0.040636545,-0.232919255,0.116215072,0.408043207,2.421052632,-0.002092676,-0.056562143
691,9/30/2020,CHTR,12039000000,7483000000,0,1.44193E+11,1.17287E+11,0,202827000,0.087881073,2.738066762,0.054409797,0.132394626,0.021592443,-1.080504457,-0.077241253,-0.323076923,-0.999400839,0.300589008
692,12/31/2020,CHTR,12624000000,7718000000,0,1.44206E+11,1.20401E+11,0,196907000,0.01602243,-0.32651474,-0.202209278,0.070687354,0.054161162,1.191990577,0.10929026,-0.227272727,6,-0.032118814
693,3/31/2021,CHTR,12522000000,7711000000,0,1.43439E+11,1.22442E+11,0,191405000,0.028065066,-0.385739032,-0.113179196,0.087553805,0.005012531,2.10424503,0.066697113,-0.088235294,-1,0.123124408
694,6/30/2021,CHTR,12802000000,7882000000,0,1.44026E+11,1.24684E+11,0,185917000,0.032853318,-1.32940312,0.573156417,0.082241037,0.067331671,0.567768738,0.025802752,-0.048387097,inf,0.092368624
695,9/30/2021,CHTR,13146000000,7958000000,0,1.42495E+11,1.25465E+11,0,181925000,0.021846116,-3.817313812,-0.023703672,0.056897957,-0.126168224,-0.124654963,0.007609465,-0.13559322,0.105263158,0.001502477
696,12/31/2021,CHTR,13212000000,7931000000,0,1.42491E+11,1.28441E+11,0,175535000,0.033914512,-1.81668933,0.334000373,0.040808111,-0.065508021,-0.119828456,-0.038007781,-0.176470588,-0.571428571,-0.007293597
697,3/31/2022,CHTR,13200000000,7308000000,0,1.43948E+11,1.31888E+11,0,170688000,0.016072818,2.225308436,0.320530482,-0.030040568,-0.097281831,-0.419891086,-0.016508083,-0.095238095,0,0.043170155
698,6/30/2022,CHTR,13598000000,7387000000,0,1.43258E+11,1.33379E+11,0,164050000,0.020532989,1.868123875,0.177029959,-0.080242212,-0.082408875,-0.689970356,-0.220466654,-0.052631579,2,0.058072562
699,9/30/2022,CHTR,13550000000,7386000000,0,1.43669E+11,1.3478E+11,0,157971000,0.018831434,-0.017726778,0.190360867,-0.030523642,-0.031088083,1.084462151,-0.041520201,0,-0.592592593,-0.049390295
700,12/31/2022,CHTR,13674000000,7456000000,0,1.44523E+11,1.35404E+11,0,153436000,0.01609594,0.698938861,0.08014407,-0.032253445,0.048128342,-0.406345566,,0,9,-0.048450002
701,3/31/2018,QCOM,5220000000,2239000000,1402000000,64126000000,40307000000,1797000000,1482000000,0.013105769,0.456297511,0.036384934,0.050013829,0.005081301,-0.572287547,0.045172494,-0.047619048,0.8,0.054504315
702,6/30/2018,QCOM,5577000000,2491000000,1416000000,62090000000,39022000000,1785000000,1469000000,0.015614161,0.161903286,0.138620043,-0.011103063,-0.006066734,-0.446735395,-0.125672619,-0.025,-0.222222222,0.025792936
703,9/30/2018,QCOM,5778000000,2850000000,1388000000,32718000000,31911000000,1693000000,1219000000,0.010604734,0.019115256,-0.023339906,0.054185333,-0.002034588,2.483342744,-0.016460424,-0.025641026,0.142857143,0.007098353
704,12/31/2018,QCOM,4842000000,2188000000,1269000000,34246000000,30629000000,1698000000,1210000000,0.006380298,0.090647421,-0.007862085,-0.052874088,0,-0.7646296,0.036295806,0,2.25,0.008926232
705,3/31/2019,QCOM,4982000000,2179000000,1308000000,34023000000,30157000000,1725000000,1214000000,0.009309453,-0.320395051,-0.026411499,0.008177315,-0.036697248,1.466942149,-0.114288788,0.026315789,1.884615385,-0.017532876
706,6/30/2019,QCOM,9635000000,2114000000,1380000000,34133000000,28670000000,1774000000,1218000000,0.012342928,-0.473676175,0.009081852,0.059290702,0.042328042,0.425181463,0.028232989,-0.076923077,-0.493333333,0.024997195
707,9/30/2019,QCOM,4814000000,2118000000,1441000000,32957000000,28048000000,1400000000,1145000000,0.012193754,-0.207234375,0.065028225,0.026201025,-0.047715736,-0.558080313,-0.053293437,0,0.210526316,-0.01826894
708,12/31/2019,QCOM,5077000000,2113000000,1406000000,33111000000,28598000000,1420000000,1143000000,0.008113241,0.201320047,0.071595161,0.042229998,0.036247335,-0.29787234,0.294675905,0,0.956521739,0.050617102
709,3/31/2020,QCOM,5216000000,2297000000,1468000000,31938000000,28893000000,1700000000,1127000000,-0.00776264,-0.473298921,0.00114732,-0.008722703,-0.00617284,-6.964646465,0.093161158,0.055555556,36.16666667,-0.076039177
710,6/30/2020,QCOM,4893000000,2080000000,1520000000,32328000000,29022000000,2343000000,1128000000,-0.08827645,-1.422867035,-0.228725763,-0.040636545,-0.232919255,0.116215072,0.408043207,2.421052632,-0.002092676,-0.056562143
711,9/30/2020,QCOM,8346000000,2766000000,1582000000,35594000000,29517000000,2598000000,1131000000,0.087881073,2.738066762,0.054409797,0.132394626,0.021592443,-1.080504457,-0.077241253,-0.323076923,-0.999400839,0.300589008
712,12/31/2020,QCOM,8235000000,3489000000,1653000000,37479000000,30099000000,2552000000,1136000000,0.01602243,-0.32651474,-0.202209278,0.070687354,0.054161162,1.191990577,0.10929026,-0.227272727,6,-0.032118814
713,3/31/2021,QCOM,7935000000,3432000000,1780000000,37168000000,29744000000,2668000000,1129000000,0.028065066,-0.385739032,-0.113179196,0.087553805,0.005012531,2.10424503,0.066697113,-0.088235294,-1,0.123124408
714,6/30/2021,QCOM,8060000000,3404000000,1864000000,38769000000,30592000000,3133000000,1128000000,0.032853318,-1.32940312,0.573156417,0.082241037,0.067331671,0.567768738,0.025802752,-0.048387097,inf,0.092368624
715,9/30/2021,QCOM,9336000000,3937000000,1879000000,41240000000,31290000000,3228000000,1125000000,0.021846116,-3.817313812,-0.023703672,0.056897957,-0.126168224,-0.124654963,0.007609465,-0.13559322,0.105263158,0.001502477
716,12/31/2021,QCOM,10705000000,4303000000,1930000000,42820000000,31487000000,3861000000,1125000000,0.033914512,-1.81668933,0.334000373,0.040808111,-0.065508021,-0.119828456,-0.038007781,-0.176470588,-0.571428571,-0.007293597
717,3/31/2022,QCOM,11164000000,4648000000,2034000000,44302000000,30974000000,4555000000,1122000000,0.016072818,2.225308436,0.320530482,-0.030040568,-0.097281831,-0.419891086,-0.016508083,-0.095238095,0,0.043170155
718,6/30/2022,QCOM,10936000000,4816000000,2052000000,47020000000,30972000000,5418000000,1122000000,0.020532989,1.868123875,0.177029959,-0.080242212,-0.082408875,-0.689970356,-0.220466654,-0.052631579,2,0.058072562
719,9/30/2022,QCOM,11395000000,4868000000,2178000000,49014000000,31001000000,6341000000,1121000000,0.018831434,-0.017726778,0.190360867,-0.030523642,-0.031088083,1.084462151,-0.041520201,0,-0.592592593,-0.049390295
720,12/31/2022,QCOM,9463000000,4044000000,2251000000,50014000000,31204000000,6932000000,1119000000,0.01609594,0.698938861,0.08014407,-0.032253445,0.048128342,-0.406345566,,0,9,-0.048450002
721,5/5/2018,BBY,9109000000,6984000000,0,12082000000,8662000000,4964000000,281000000,0.015614161,0.161903286,0.138620043,-0.011103063,-0.006066734,-0.446735395,-0.125672619,-0.025,-0.222222222,0.025792936
722,8/4/2018,BBY,9379000000,7150000000,0,11993000000,8807000000,5016000000,276000000,0.010604734,0.019115256,-0.023339906,0.054185333,-0.002034588,2.483342744,-0.016460424,-0.025641026,0.142857143,0.007098353
723,11/3/2018,BBY,9590000000,7266000000,0,15000000000,11988000000,8168000000,272000000,0.006380298,0.090647421,-0.007862085,-0.052874088,0,-0.7646296,0.036295806,0,2.25,0.008926232
724,2/2/2019,BBY,14801000000,11518000000,0,12901000000,9595000000,5409000000,265703000,0.009309453,-0.320395051,-0.026411499,0.008177315,-0.036697248,1.466942149,-0.114288788,0.026315789,1.884615385,-0.017532876
725,5/4/2019,BBY,9142000000,6973000000,0,14550000000,11196000000,5195000000,267000000,0.012342928,-0.473676175,0.009081852,0.059290702,0.042328042,0.425181463,0.028232989,-0.076923077,-0.493333333,0.024997195
726,8/3/2019,BBY,9536000000,7253000000,0,14978000000,11693000000,5208000000,265000000,0.012193754,-0.207234375,0.065028225,0.026201025,-0.047715736,-0.558080313,-0.053293437,0,0.210526316,-0.01826894
727,11/2/2019,BBY,9764000000,7403000000,0,16926000000,13801000000,7569000000,260000000,0.008113241,0.201320047,0.071595161,0.042229998,0.036247335,-0.29787234,0.294675905,0,0.956521739,0.050617102
728,2/1/2020,BBY,15196000000,11961000000,0,15591000000,12112000000,5174000000,256494000,-0.00776264,-0.473298921,0.00114732,-0.008722703,-0.00617284,-6.964646465,0.093161158,0.055555556,36.16666667,-0.076039177
729,5/2/2020,BBY,8562000000,6597000000,0,15605000000,12195000000,3993000000,257000000,-0.08827645,-1.422867035,-0.228725763,-0.040636545,-0.232919255,0.116215072,0.408043207,2.421052632,-0.002092676,-0.056562143
730,8/1/2020,BBY,9910000000,7640000000,0,17412000000,13634000000,4136000000,258000000,0.087881073,2.738066762,0.054409797,0.132394626,0.021592443,-1.080504457,-0.077241253,-0.323076923,-0.999400839,0.300589008
731,10/31/2020,BBY,11853000000,9058000000,0,21202000000,17116000000,7459000000,258000000,0.01602243,-0.32651474,-0.202209278,0.070687354,0.054161162,1.191990577,0.10929026,-0.227272727,6,-0.032118814
732,1/30/2021,BBY,16937000000,13394000000,0,19067000000,14480000000,5612000000,257000000,0.028065066,-0.385739032,-0.113179196,0.087553805,0.005012531,2.10424503,0.066697113,-0.088235294,-1,0.123124408
733,5/1/2021,BBY,11637000000,8922000000,0,17705000000,13547000000,5721000000,250400000,0.032853318,-1.32940312,0.573156417,0.082241037,0.067331671,0.567768738,0.025802752,-0.048387097,inf,0.092368624
734,7/31/2021,BBY,11849000000,9039000000,0,18579000000,14244000000,6417000000,247300000,0.021846116,-3.817313812,-0.023703672,0.056897957,-0.126168224,-0.124654963,0.007609465,-0.13559322,0.105263158,0.001502477
735,10/30/2021,BBY,11910000000,9108000000,0,20102000000,15824000000,8553000000,243800000,0.033914512,-1.81668933,0.334000373,0.040808111,-0.065508021,-0.119828456,-0.038007781,-0.176470588,-0.571428571,-0.007293597
736,1/29/2022,BBY,16365000000,13052000000,0,17504000000,14484000000,5965000000,227400000,0.016072818,2.225308436,0.320530482,-0.030040568,-0.097281831,-0.419891086,-0.016508083,-0.095238095,0,0.043170155
737,4/30/2022,BBY,10647000000,8294000000,0,15251000000,12484000000,6258000000,224600000,0.020532989,1.868123875,0.177029959,-0.080242212,-0.082408875,-0.689970356,-0.220466654,-0.052631579,2,0.058072562
738,7/30/2022,BBY,10329000000,8042000000,0,15419000000,12527000000,6043000000,225100000,0.018831434,-0.017726778,0.190360867,-0.030523642,-0.031088083,1.084462151,-0.041520201,0,-0.592592593,-0.049390295
739,10/29/2022,BBY,10587000000,8255000000,0,17021000000,14028000000,7294000000,225200000,0.01609594,0.698938861,0.08014407,-0.032253445,0.048128342,-0.406345566,,0,9,-0.048450002
740,1/28/2023,BBY,14735000000,11795000000,0,15803000000,13008000000,5140000000,218100000,,-0.007773642,0.007543269,0.038445263,0.098639456,0.224082421,,-0.027777778,,
741,3/31/2018,FISV,1440000000,759000000,0,10167000000,7196000000,0,413100000,0.013105769,0.456297511,0.036384934,0.050013829,0.005081301,-0.572287547,0.045172494,-0.047619048,0.8,0.054504315
742,6/30/2018,FISV,1420000000,739000000,0,10218000000,7368000000,0,408400000,0.015614161,0.161903286,0.138620043,-0.011103063,-0.006066734,-0.446735395,-0.125672619,-0.025,-0.222222222,0.025792936
743,9/30/2018,FISV,1412000000,749000000,0,10748000000,8087000000,0,403800000,0.010604734,0.019115256,-0.023339906,0.054185333,-0.002034588,2.483342744,-0.016460424,-0.025641026,0.142857143,0.007098353
744,12/31/2018,FISV,1551000000,822000000,0,11262000000,8969000000,0,396800000,0.006380298,0.090647421,-0.007862085,-0.052874088,0,-0.7646296,0.036295806,0,2.25,0.008926232
745,3/31/2019,FISV,1502000000,798000000,0,11676000000,9282000000,0,391700000,0.009309453,-0.320395051,-0.026411499,0.008177315,-0.036697248,1.466942149,-0.114288788,0.026315789,1.884615385,-0.017532876
746,6/30/2019,FISV,1448000000,785000000,0,19640000000,17094000000,0,392500000,0.012342928,-0.473676175,0.009081852,0.059290702,0.042328042,0.425181463,0.028232989,-0.076923077,-0.493333333,0.024997195
747,9/30/2019,FISV,2978000000,1617000000,0,77864000000,44012000000,0,584800000,0.012193754,-0.207234375,0.065028225,0.026201025,-0.047715736,-0.558080313,-0.053293437,0,0.210526316,-0.01826894
748,12/31/2019,FISV,4050000000,2109000000,0,77539000000,42682000000,0,680300000,0.008113241,0.201320047,0.071595161,0.042229998,0.036247335,-0.29787234,0.294675905,0,0.956521739,0.050617102
749,3/31/2020,FISV,4037000000,2167000000,0,72598000000,39052000000,0,678100000,-0.00776264,-0.473298921,0.00114732,-0.008722703,-0.00617284,-6.964646465,0.093161158,0.055555556,36.16666667,-0.076039177
750,6/30/2020,FISV,3312000000,1920000000,0,77093000000,43807000000,0,670000000,-0.08827645,-1.422867035,-0.228725763,-0.040636545,-0.232919255,0.116215072,0.408043207,2.421052632,-0.002092676,-0.056562143
751,9/30/2020,FISV,3669000000,1868000000,0,72372000000,39683000000,0,669800000,0.087881073,2.738066762,0.054409797,0.132394626,0.021592443,-1.080504457,-0.077241253,-0.323076923,-0.999400839,0.300589008
752,12/31/2020,FISV,3834000000,1857000000,0,74619000000,41290000000,348000000,670600000,0.01602243,-0.32651474,-0.202209278,0.070687354,0.054161162,1.191990577,0.10929026,-0.227272727,6,-0.032118814
753,3/31/2021,FISV,3650000000,1907000000,0,74840000000,41995000000,0,668600000,0.028065066,-0.385739032,-0.113179196,0.087553805,0.005012531,2.10424503,0.066697113,-0.088235294,-1,0.123124408
754,6/30/2021,FISV,3876000000,1967000000,0,75776000000,42983000000,0,663700000,0.032853318,-1.32940312,0.573156417,0.082241037,0.067331671,0.567768738,0.025802752,-0.048387097,inf,0.092368624
755,9/30/2021,FISV,3991000000,2051000000,0,75767000000,43183000000,0,661400000,0.021846116,-3.817313812,-0.023703672,0.056897957,-0.126168224,-0.124654963,0.007609465,-0.13559322,0.105263158,0.001502477
756,12/31/2021,FISV,4780000000,2203000000,0,76249000000,44299000000,410000000,656600000,0.033914512,-1.81668933,0.334000373,0.040808111,-0.065508021,-0.119828456,-0.038007781,-0.176470588,-0.571428571,-0.007293597
757,3/31/2022,FISV,3970000000,1972000000,0,75470000000,43328000000,0,650800000,0.016072818,2.225308436,0.320530482,-0.030040568,-0.097281831,-0.419891086,-0.016508083,-0.095238095,0,0.043170155
758,6/30/2022,FISV,4274000000,2044000000,0,77212000000,45242000000,0,645200000,0.020532989,1.868123875,0.177029959,-0.080242212,-0.082408875,-0.689970356,-0.220466654,-0.052631579,2,0.058072562
759,9/30/2022,FISV,4328000000,1996000000,0,75640000000,44497000000,0,639600000,0.018831434,-0.017726778,0.190360867,-0.030523642,-0.031088083,1.084462151,-0.041520201,0,-0.592592593,-0.049390295
760,12/31/2022,FISV,5165000000,1980000000,0,83869000000,52181000000,0,633600000,0.01609594,0.698938861,0.08014407,-0.032253445,0.048128342,-0.406345566,,0,9,-0.048450002
761,3/31/2018,CTSH,3912000000,2401000000,0,15045000000,4057000000,0,586000000,0.013105769,0.456297511,0.036384934,0.050013829,0.005081301,-0.572287547,0.045172494,-0.047619048,0.8,0.054504315
762,6/30/2018,CTSH,4006000000,2417000000,0,14806000000,4158000000,0,580000000,0.015614161,0.161903286,0.138620043,-0.011103063,-0.006066734,-0.446735395,-0.125672619,-0.025,-0.222222222,0.025792936
763,9/30/2018,CTSH,4078000000,2480000000,0,15274000000,4296000000,0,580000000,0.010604734,0.019115256,-0.023339906,0.054185333,-0.002034588,2.483342744,-0.016460424,-0.025641026,0.142857143,0.007098353
764,12/31/2018,CTSH,4129000000,2540000000,0,15846000000,4422000000,0,577000000,0.006380298,0.090647421,-0.007862085,-0.052874088,0,-0.7646296,0.036295806,0,2.25,0.008926232
765,3/31/2019,CTSH,4110000000,2575000000,0,16096000000,4960000000,0,569000000,0.009309453,-0.320395051,-0.026411499,0.008177315,-0.036697248,1.466942149,-0.114288788,0.026315789,1.884615385,-0.017532876
766,6/30/2019,CTSH,4141000000,2629000000,0,15517000000,4960000000,0,552000000,0.012342928,-0.473676175,0.009081852,0.059290702,0.042328042,0.425181463,0.028232989,-0.076923077,-0.493333333,0.024997195
767,9/30/2019,CTSH,4248000000,2681000000,0,15844000000,5142000000,0,550000000,0.012193754,-0.207234375,0.065028225,0.026201025,-0.047715736,-0.558080313,-0.053293437,0,0.210526316,-0.01826894
768,12/31/2019,CTSH,4284000000,2749000000,0,16204000000,5182000000,0,548000000,0.008113241,0.201320047,0.071595161,0.042229998,0.036247335,-0.29787234,0.294675905,0,0.956521739,0.050617102
769,3/31/2020,CTSH,4225000000,2747000000,0,17429000000,6816000000,0,541000000,-0.00776264,-0.473298921,0.00114732,-0.008722703,-0.00617284,-6.964646465,0.093161158,0.055555556,36.16666667,-0.076039177
770,6/30/2020,CTSH,4000000000,2615000000,0,18216000000,7244000000,0,542000000,-0.08827645,-1.422867035,-0.228725763,-0.040636545,-0.232919255,0.116215072,0.408043207,2.421052632,-0.002092676,-0.056562143
771,9/30/2020,CTSH,4243000000,2647000000,0,18787000000,7647000000,0,539000000,0.087881073,2.738066762,0.054409797,0.132394626,0.021592443,-1.080504457,-0.077241253,-0.323076923,-0.999400839,0.300589008
772,12/31/2020,CTSH,4184000000,2662000000,0,16923000000,6087000000,0,530000000,0.01602243,-0.32651474,-0.202209278,0.070687354,0.054161162,1.191990577,0.10929026,-0.227272727,6,-0.032118814
773,3/31/2021,CTSH,4401000000,2764000000,0,16660000000,5623000000,0,528000000,0.028065066,-0.385739032,-0.113179196,0.087553805,0.005012531,2.10424503,0.066697113,-0.088235294,-1,0.123124408
774,6/30/2021,CTSH,4585000000,2863000000,0,16829000000,5624000000,0,525000000,0.032853318,-1.32940312,0.573156417,0.082241037,0.067331671,0.567768738,0.025802752,-0.048387097,inf,0.092368624
775,9/30/2021,CTSH,4744000000,2947000000,0,17232000000,5686000000,0,525000000,0.021846116,-3.817313812,-0.023703672,0.056897957,-0.126168224,-0.124654963,0.007609465,-0.13559322,0.105263158,0.001502477
776,12/31/2021,CTSH,4777000000,3030000000,0,17852000000,5861000000,0,525000000,0.033914512,-1.81668933,0.334000373,0.040808111,-0.065508021,-0.119828456,-0.038007781,-0.176470588,-0.571428571,-0.007293597
777,3/31/2022,CTSH,4826000000,3097000000,0,17434000000,5461000000,0,521000000,0.016072818,2.225308436,0.320530482,-0.030040568,-0.097281831,-0.419891086,-0.016508083,-0.095238095,0,0.043170155
778,6/30/2022,CTSH,4906000000,3119000000,0,17258000000,5308000000,0,518000000,0.020532989,1.868123875,0.177029959,-0.080242212,-0.082408875,-0.689970356,-0.220466654,-0.052631579,2,0.058072562
779,9/30/2022,CTSH,4857000000,3080000000,0,17347000000,5389000000,0,514000000,0.018831434,-0.017726778,0.190360867,-0.030523642,-0.031088083,1.084462151,-0.041520201,0,-0.592592593,-0.049390295
780,12/31/2022,CTSH,4839000000,3152000000,0,17852000000,5543000000,0,509000000,0.01609594,0.698938861,0.08014407,-0.032253445,0.048128342,-0.406345566,,0,9,-0.048450002
781,3/31/2018,DISH,6880000000,196011000,6000000,,,,,0.013105769,0.456297511,0.036384934,0.050013829,0.005081301,-0.572287547,0.045172494,-0.047619048,0.8,0.054504315
782,6/30/2018,DISH,3459000000,183262000,6000000,29650000000,21423000000,329507000,467425000,0.015614161,0.161903286,0.138620043,-0.011103063,-0.006066734,-0.446735395,-0.125672619,-0.025,-0.222222222,0.025792936
783,9/30/2018,DISH,3397000000,186878000,6000000,30137000000,21454000000,304944000,467570000,0.010604734,0.019115256,-0.023339906,0.054185333,-0.002034588,2.483342744,-0.016460424,-0.025641026,0.142857143,0.007098353
784,12/31/2018,DISH,3307000000,203156000,6000000,30587000000,21533000000,290733000,467752000,0.006380298,0.090647421,-0.007862085,-0.052874088,0,-0.7646296,0.036295806,0,2.25,0.008926232
785,3/31/2019,DISH,3181000000,193899000,5000000,31686000000,22254000000,309251000,467953000,0.009309453,-0.320395051,-0.026411499,0.008177315,-0.036697248,1.466942149,-0.114288788,0.026315789,1.884615385,-0.017532876
786,6/30/2019,DISH,3205000000,238078000,6000000,32284000000,22449000000,331138000,469655000,0.012342928,-0.473676175,0.009081852,0.059290702,0.042328042,0.425181463,0.028232989,-0.076923077,-0.493333333,0.024997195
787,9/30/2019,DISH,3160000000,285801000,4000000,31771000000,21074000000,314620000,477495000,0.012193754,-0.207234375,0.065028225,0.026201025,-0.047715736,-0.558080313,-0.053293437,0,0.210526316,-0.01826894
788,12/31/2019,DISH,3241000000,276748000,6000000,33231000000,21115000000,322898000,503420000,0.008113241,0.201320047,0.071595161,0.042229998,0.036247335,-0.29787234,0.294675905,0,0.956521739,0.050617102
789,3/31/2020,DISH,3196000000,253873000,6000000,33673000000,21436000000,329386000,523152000,-0.00776264,-0.473298921,0.00114732,-0.008722703,-0.00617284,-6.964646465,0.093161158,0.055555556,36.16666667,-0.076039177
790,6/30/2020,DISH,3170000000,199724000,5000000,33497000000,20732000000,315369000,524292000,-0.08827645,-1.422867035,-0.228725763,-0.040636545,-0.232919255,0.116215072,0.408043207,2.421052632,-0.002092676,-0.056562143
791,9/30/2020,DISH,4527000000,2489000000,6000000,36100000000,22775000000,516216000,525532000,0.087881073,2.738066762,0.054409797,0.132394626,0.021592443,-1.080504457,-0.077241253,-0.323076923,-0.999400839,0.300589008
792,12/31/2020,DISH,4557000000,2589000000,7000000,38240000000,24109000000,380349000,526057000,0.01602243,-0.32651474,-0.202209278,0.070687354,0.054161162,1.191990577,0.10929026,-0.227272727,6,-0.032118814
793,3/31/2021,DISH,4494000000,2538000000,7000000,38813000000,24788000000,375076000,526570000,0.028065066,-0.385739032,-0.113179196,0.087553805,0.005012531,2.10424503,0.066697113,-0.088235294,-1,0.123124408
794,6/30/2021,DISH,4483000000,2536000000,7000000,39624000000,24898000000,385396000,527690000,0.032853318,-1.32940312,0.573156417,0.082241037,0.067331671,0.567768738,0.025802752,-0.048387097,inf,0.092368624
795,9/30/2021,DISH,4446000000,2567000000,7000000,41214000000,25876000000,470826000,528229000,0.021846116,-3.817313812,-0.023703672,0.056897957,-0.126168224,-0.124654963,0.007609465,-0.13559322,0.105263158,0.001502477
796,12/31/2021,DISH,4447000000,2545000000,8000000,48002000000,32079000000,534937000,528867000,0.033914512,-1.81668933,0.334000373,0.040808111,-0.065508021,-0.119828456,-0.038007781,-0.176470588,-0.571428571,-0.007293597
797,3/31/2022,DISH,4328000000,2483000000,10000000,49202000000,32810000000,536893000,529067000,0.016072818,2.225308436,0.320530482,-0.030040568,-0.097281831,-0.419891086,-0.016508083,-0.095238095,0,0.043170155
798,6/30/2022,DISH,4208000000,2329000000,12000000,49858000000,32880000000,585758000,530091000,0.020532989,1.868123875,0.177029959,-0.080242212,-0.082408875,-0.689970356,-0.220466654,-0.052631579,2,0.058072562
799,9/30/2022,DISH,4092000000,2382000000,12000000,49003000000,31566000000,570545000,530436000,0.018831434,-0.017726778,0.190360867,-0.030523642,-0.031088083,1.084462151,-0.041520201,0,-0.592592593,-0.049390295
800,12/31/2022,DISH,4043000000,2365000000,11000000,52607000000,34198000000,502373000,530846000,0.01609594,0.698938861,0.08014407,-0.032253445,0.048128342,-0.406345566,,0,9,-0.048450002
801,1/14/2022,DISH,,,,36216000000,0,0,0,0.016072818,2.225308436,0.320530482,-0.030040568,-0.097281831,-0.419891086,-0.016508083,-0.095238095,0,0.043170155
802,5/5/2018,ADI,1513000000,491038000,289381000,20776000000,10191000000,551220000,370897000,0.015614161,0.161903286,0.138620043,-0.011103063,-0.006066734,-0.446735395,-0.125672619,-0.025,-0.222222222,0.025792936
803,8/4/2018,ADI,1573000000,497557000,291551000,20549000000,9692000000,563645000,371670000,0.010604734,0.019115256,-0.023339906,0.054185333,-0.002034588,2.483342744,-0.016460424,-0.025641026,0.142857143,0.007098353
804,11/3/2018,ADI,1597000000,490585000,295609000,20438000000,9170000000,586760000,370160000,0.006380298,0.090647421,-0.007862085,-0.052874088,0,-0.7646296,0.036295806,0,2.25,0.008926232
805,2/2/2019,ADI,1541000000,501445000,287382000,21828000000,10243000000,593211000,368314000,0.009309453,-0.320395051,-0.026411499,0.008177315,-0.036697248,1.466942149,-0.114288788,0.026315789,1.884615385,-0.017532876
806,5/4/2019,ADI,1527000000,492510000,285846000,21776000000,10034000000,608085000,369761000,0.012342928,-0.473676175,0.009081852,0.059290702,0.042328042,0.425181463,0.028232989,-0.076923077,-0.493333333,0.024997195
807,8/3/2019,ADI,1480000000,482332000,280102000,21567000000,9776000000,638305000,369406000,0.012193754,-0.207234375,0.065028225,0.026201025,-0.047715736,-0.558080313,-0.053293437,0,0.210526316,-0.01826894
808,11/2/2019,ADI,1392000000,501028000,277018000,21393000000,9683000000,609886000,368302000,0.008113241,0.201320047,0.071595161,0.042229998,0.036247335,-0.29787234,0.294675905,0,0.956521739,0.050617102
809,2/1/2020,ADI,1304000000,455423000,257073000,21377000000,9687000000,588503000,368220000,-0.00776264,-0.473298921,0.00114732,-0.008722703,-0.00617284,-6.964646465,0.093161158,0.055555556,36.16666667,-0.076039177
810,5/2/2020,ADI,1317000000,470386000,252413000,21351000000,9760000000,590268000,368425000,-0.08827645,-1.422867035,-0.228725763,-0.040636545,-0.232919255,0.116215072,0.408043207,2.421052632,-0.002092676,-0.056562143
811,8/1/2020,ADI,1456000000,483558000,260794000,21600000000,9822000000,612646000,369166000,0.087881073,2.738066762,0.054409797,0.132394626,0.021592443,-1.080504457,-0.077241253,-0.323076923,-0.999400839,0.300589008
812,10/31/2020,ADI,1478000000,503211000,280239000,21469000000,9471000000,608260000,369485000,0.01602243,-0.32651474,-0.202209278,0.070687354,0.054161162,1.191990577,0.10929026,-0.227272727,6,-0.032118814
813,1/30/2021,ADI,1558000000,513087000,288150000,21440000000,9352000000,618640000,368894000,0.028065066,-0.385739032,-0.113179196,0.087553805,0.005012531,2.10424503,0.066697113,-0.088235294,-1,0.123124408
814,5/1/2021,ADI,1661000000,524770000,302238000,21588000000,9421000000,641202000,368827000,0.032853318,-1.32940312,0.573156417,0.082241037,0.067331671,0.567768738,0.025802752,-0.048387097,inf,0.092368624
815,7/31/2021,ADI,1759000000,537669000,306617000,21641000000,9377000000,657520000,368214000,0.021846116,-3.817313812,-0.023703672,0.056897957,-0.126168224,-0.124654963,0.007609465,-0.13559322,0.105263158,0.001502477
816,10/30/2021,ADI,2070000000,1218000000,399121000,52322000000,14330000000,1201000000,525331000,0.033914512,-1.81668933,0.334000373,0.040808111,-0.065508021,-0.119828456,-0.038007781,-0.176470588,-0.571428571,-0.007293597
817,1/29/2022,ADI,2632000000,1282000000,426780000,51216000000,13788000000,972571000,523315000,0.016072818,2.225308436,0.320530482,-0.030040568,-0.097281831,-0.419891086,-0.016508083,-0.095238095,0,0.043170155
818,4/30/2022,ADI,2923000000,1028000000,420901000,50801000000,13701000000,1075000000,519806000,0.020532989,1.868123875,0.177029959,-0.080242212,-0.082408875,-0.689970356,-0.220466654,-0.052631579,2,0.058072562
819,7/30/2022,ADI,3059000000,1067000000,431829000,50346000000,13708000000,1203000000,514342000,0.018831434,-0.017726778,0.190360867,-0.030523642,-0.031088083,1.084462151,-0.041520201,0,-0.592592593,-0.049390295
820,10/29/2022,ADI,3196000000,1105000000,421008000,50302000000,13837000000,1400000000,509296000,0.01609594,0.698938861,0.08014407,-0.032253445,0.048128342,-0.406345566,,0,9,-0.048450002
821,1/28/2023,ADI,3189000000,1125000000,414095000,50235000000,13703000000,1523000000,505852000,,-0.007773642,0.007543269,0.038445263,0.098639456,0.224082421,,-0.027777778,,
822,3/31/2018,ADP,3696000000,2079000000,162500000,44066000000,40036000000,0,441700000,0.013105769,0.456297511,0.036384934,0.050013829,0.005081301,-0.572287547,0.045172494,-0.047619048,0.8,0.054504315
823,6/30/2018,ADP,3316000000,1942000000,152600000,38849000000,34113000000,0,438800000,0.015614161,0.161903286,0.138620043,-0.011103063,-0.006066734,-0.446735395,-0.125672619,-0.025,-0.222222222,0.025792936
824,9/30/2018,ADP,3310000000,1928000000,158000000,37417000000,32738000000,0,438200000,0.010604734,0.019115256,-0.023339906,0.054185333,-0.002034588,2.483342744,-0.016460424,-0.025641026,0.142857143,0.007098353
825,12/31/2018,ADP,3492000000,2000000000,156100000,38806000000,34042000000,0,436200000,0.006380298,0.090647421,-0.007862085,-0.052874088,0,-0.7646296,0.036295806,0,2.25,0.008926232
826,3/31/2019,ADP,3828000000,2093000000,0,48196000000,42950000000,0,435500000,0.009309453,-0.320395051,-0.026411499,0.008177315,-0.036697248,1.466942149,-0.114288788,0.026315789,1.884615385,-0.017532876
827,6/30/2019,ADP,3479000000,2001000000,0,41888000000,36488000000,0,434200000,0.012342928,-0.473676175,0.009081852,0.059290702,0.042328042,0.425181463,0.028232989,-0.076923077,-0.493333333,0.024997195
828,9/30/2019,ADP,3496000000,2045000000,0,37715000000,32354000000,0,433400000,0.012193754,-0.207234375,0.065028225,0.026201025,-0.047715736,-0.558080313,-0.053293437,0,0.210526316,-0.01826894
829,12/31/2019,ADP,3670000000,2094000000,0,49059000000,43695000000,0,431800000,0.008113241,0.201320047,0.071595161,0.042229998,0.036247335,-0.29787234,0.294675905,0,0.956521739,0.050617102
830,3/31/2020,ADP,4048000000,2239000000,0,43383000000,37893000000,0,429800000,-0.00776264,-0.473298921,0.00114732,-0.008722703,-0.00617284,-6.964646465,0.093161158,0.055555556,36.16666667,-0.076039177
831,6/30/2020,ADP,3377000000,2067000000,0,39166000000,33413000000,0,429900000,-0.08827645,-1.422867035,-0.228725763,-0.040636545,-0.232919255,0.116215072,0.408043207,2.421052632,-0.002092676,-0.056562143
832,9/30/2020,ADP,3471000000,2034000000,0,42390000000,36581000000,0,429300000,0.087881073,2.738066762,0.054409797,0.132394626,0.021592443,-1.080504457,-0.077241253,-0.323076923,-0.999400839,0.300589008
833,12/31/2020,ADP,3682000000,2122000000,0,49326000000,43426000000,0,428100000,0.01602243,-0.32651474,-0.202209278,0.070687354,0.054161162,1.191990577,0.10929026,-0.227272727,6,-0.032118814
834,3/31/2021,ADP,4088000000,2278000000,0,54408000000,48734000000,0,426000000,0.028065066,-0.385739032,-0.113179196,0.087553805,0.005012531,2.10424503,0.066697113,-0.088235294,-1,0.123124408
835,6/30/2021,ADP,3768000000,2205000000,0,48773000000,43102000000,0,423700000,0.032853318,-1.32940312,0.573156417,0.082241037,0.067331671,0.567768738,0.025802752,-0.048387097,inf,0.092368624
836,9/30/2021,ADP,3815000000,2223000000,0,59987000000,54636000000,0,422000000,0.021846116,-3.817313812,-0.023703672,0.056897957,-0.126168224,-0.124654963,0.007609465,-0.13559322,0.105263158,0.001502477
837,12/31/2021,ADP,4007000000,2341000000,0,59103000000,54053000000,0,420400000,0.033914512,-1.81668933,0.334000373,0.040808111,-0.065508021,-0.119828456,-0.038007781,-0.176470588,-0.571428571,-0.007293597
838,3/31/2022,ADP,4494000000,2512000000,0,72068000000,67875000000,0,418200000,0.016072818,2.225308436,0.320530482,-0.030040568,-0.097281831,-0.419891086,-0.016508083,-0.095238095,0,0.043170155
839,6/30/2022,ADP,4183000000,2386000000,0,63068000000,59843000000,0,416100000,0.020532989,1.868123875,0.177029959,-0.080242212,-0.082408875,-0.689970356,-0.220466654,-0.052631579,2,0.058072562
840,9/30/2022,ADP,4163000000,2394000000,0,46365000000,43788000000,0,415200000,0.018831434,-0.017726778,0.190360867,-0.030523642,-0.031088083,1.084462151,-0.041520201,0,-0.592592593,-0.049390295
841,12/31/2022,ADP,4322000000,2451000000,0,54453000000,51466000000,0,414400000,0.01609594,0.698938861,0.08014407,-0.032253445,0.048128342,-0.406345566,,0,9,-0.048450002
842,4/30/2018,ZM,60070000,11660000,6264000,,,,,0.015614161,0.161903286,0.138620043,-0.011103063,-0.006066734,-0.446735395,-0.125672619,-0.025,-0.222222222,0.025792936
843,7/31/2018,ZM,74526000,12973000,7049000,,,,,0.010604734,0.019115256,-0.023339906,0.054185333,-0.002034588,2.483342744,-0.016460424,-0.025641026,0.142857143,0.007098353
844,10/31/2018,ZM,90121000,16843000,8893000,,,,,0.006380298,0.090647421,-0.007862085,-0.052874088,0,-0.7646296,0.036295806,0,2.25,0.008926232
845,1/31/2019,ZM,105800000,19525000,10808000,,,,,0.009309453,-0.320395051,-0.026411499,0.008177315,-0.036697248,1.466942149,-0.114288788,0.026315789,1.884615385,-0.017532876
846,4/30/2019,ZM,121988000,24104000,13783000,999052000,279324000,0,109709000,0.012342928,-0.473676175,0.009081852,0.059290702,0.042328042,0.425181463,0.028232989,-0.076923077,-0.493333333,0.024997195
847,7/31/2019,ZM,145826000,27900000,15054000,1070000000,326127000,0,271813000,0.012193754,-0.207234375,0.065028225,0.026201025,-0.047715736,-0.558080313,-0.053293437,0,0.210526316,-0.01826894
848,10/31/2019,ZM,166593000,30845000,17573000,1188000000,415540000,0,273317000,0.008113241,0.201320047,0.071595161,0.042229998,0.036247335,-0.29787234,0.294675905,0,0.956521739,0.050617102
849,1/31/2020,ZM,188251000,32547000,20669000,1290000000,455902000,0,276679000,-0.00776264,-0.473298921,0.00114732,-0.008722703,-0.00617284,-6.964646465,0.093161158,0.055555556,36.16666667,-0.076039177
850,4/30/2020,ZM,328167000,103707000,26389000,2068000000,1166000000,0,279891000,-0.08827645,-1.422867035,-0.228725763,-0.040636545,-0.232919255,0.116215072,0.408043207,2.421052632,-0.002092676,-0.056562143
851,7/31/2020,ZM,663520000,192271000,42734000,2625000000,1426000000,0,282851000,0.087881073,2.738066762,0.054409797,0.132394626,0.021592443,-1.080504457,-0.077241253,-0.323076923,-0.999400839,0.300589008
852,10/31/2020,ZM,777196000,258727000,42582000,3050000000,1550000000,0,284783000,0.01602243,-0.32651474,-0.202209278,0.070687354,0.054161162,1.191990577,0.10929026,-0.227272727,6,-0.032118814
853,1/31/2021,ZM,882485000,267284000,52375000,5298000000,1437000000,0,287721000,0.028065066,-0.385739032,-0.113179196,0.087553805,0.005012531,2.10424503,0.066697113,-0.088235294,-1,0.123124408
854,4/30/2021,ZM,956237000,264994000,65175000,5889000000,1696000000,0,293795000,0.032853318,-1.32940312,0.573156417,0.082241037,0.067331671,0.567768738,0.025802752,-0.048387097,inf,0.092368624
855,7/31/2021,ZM,1021000000,261256000,82311000,6509000000,1851000000,0,295713000,0.021846116,-3.817313812,-0.023703672,0.056897957,-0.126168224,-0.124654963,0.007609465,-0.13559322,0.105263158,0.001502477
856,10/31/2021,ZM,1051000000,270957000,98508000,6979000000,1865000000,0,297375000,0.033914512,-1.81668933,0.334000373,0.040808111,-0.065508021,-0.119828456,-0.038007781,-0.176470588,-0.571428571,-0.007293597
857,1/31/2022,ZM,1071000000,257347000,116996000,7551000000,1771000000,0,298397000,0.016072818,2.225308436,0.320530482,-0.030040568,-0.097281831,-0.419891086,-0.016508083,-0.095238095,0,0.043170155
858,4/30/2022,ZM,1074000000,261821000,144291000,7957000000,2009000000,0,299147000,0.020532989,1.868123875,0.177029959,-0.080242212,-0.082408875,-0.689970356,-0.220466654,-0.052631579,2,0.058072562
859,7/31/2022,ZM,1099000000,273611000,172564000,8048000000,2057000000,0,298553000,0.018831434,-0.017726778,0.190360867,-0.030523642,-0.031088083,1.084462151,-0.041520201,0,-0.592592593,-0.049390295
860,10/31/2022,ZM,1102000000,270665000,195946000,7837000000,2081000000,0,295537000,0.01609594,0.698938861,0.08014407,-0.032253445,0.048128342,-0.406345566,,0,9,-0.048450002
861,1/31/2023,ZM,1118000000,294354000,261258000,8128000000,1921000000,0,292944000,,-0.007773642,0.007543269,0.038445263,0.098639456,0.224082421,,-0.027777778,,
862,5/31/2018,MU,7797000000,3074000000,603000000,41845000000,12322000000,3369000000,1160000000,0.015614161,0.161903286,0.138620043,-0.011103063,-0.006066734,-0.446735395,-0.125672619,-0.025,-0.222222222,0.025792936
863,8/30/2018,MU,8440000000,3289000000,567000000,43376000000,10112000000,3595000000,1161000000,0.010604734,0.019115256,-0.023339906,0.054185333,-0.002034588,2.483342744,-0.016460424,-0.025641026,0.142857143,0.007098353
864,11/29/2018,MU,7889000000,3298000000,611000000,44595000000,9757000000,3876000000,1120000000,0.006380298,0.090647421,-0.007862085,-0.052874088,0,-0.7646296,0.036295806,0,2.25,0.008926232
865,2/28/2019,MU,5805000000,2971000000,601000000,47487000000,11958000000,4390000000,1106000000,0.009309453,-0.320395051,-0.026411499,0.008177315,-0.036697248,1.466942149,-0.114288788,0.026315789,1.884615385,-0.017532876
866,5/30/2019,MU,4758000000,2960000000,606000000,46288000000,9999000000,4905000000,1104000000,0.012342928,-0.473676175,0.009081852,0.059290702,0.042328042,0.425181463,0.028232989,-0.076923077,-0.493333333,0.024997195
867,8/29/2019,MU,4870000000,3475000000,623000000,48887000000,12019000000,5118000000,1106000000,0.012193754,-0.207234375,0.065028225,0.026201025,-0.047715736,-0.558080313,-0.053293437,0,0.210526316,-0.01826894
868,11/28/2019,MU,5137000000,3778000000,640000000,49649000000,13051000000,4943000000,1108000000,0.008113241,0.201320047,0.071595161,0.042229998,0.036247335,-0.29787234,0.294675905,0,0.956521739,0.050617102
869,2/27/2020,MU,4749000000,3442000000,681000000,49648000000,12527000000,5208000000,1112000000,-0.00776264,-0.473298921,0.00114732,-0.008722703,-0.00617284,-6.964646465,0.093161158,0.055555556,36.16666667,-0.076039177
870,5/28/2020,MU,5384000000,3675000000,649000000,52005000000,14087000000,5405000000,1112000000,-0.08827645,-1.422867035,-0.228725763,-0.040636545,-0.232919255,0.116215072,0.408043207,2.421052632,-0.002092676,-0.056562143
871,9/3/2020,MU,6016000000,3988000000,630000000,53678000000,14682000000,5373000000,1113000000,0.087881073,2.738066762,0.054409797,0.132394626,0.021592443,-1.080504457,-0.077241253,-0.323076923,-0.999400839,0.300589008
872,12/3/2020,MU,5725000000,4037000000,647000000,53691000000,13784000000,5521000000,1117000000,0.01602243,-0.32651474,-0.202209278,0.070687354,0.054161162,1.191990577,0.10929026,-0.227272727,6,-0.032118814
873,3/4/2021,MU,6194000000,4587000000,641000000,54135000000,13472000000,4743000000,1121000000,0.028065066,-0.385739032,-0.113179196,0.087553805,0.005012531,2.10424503,0.066697113,-0.088235294,-1,0.123124408
874,6/3/2021,MU,7375000000,4296000000,670000000,55943000000,13684000000,4537000000,1120000000,0.032853318,-1.32940312,0.573156417,0.082241037,0.067331671,0.567768738,0.025802752,-0.048387097,inf,0.092368624
875,9/2/2021,MU,8251000000,4362000000,705000000,58849000000,14916000000,4487000000,1119000000,0.021846116,-3.817313812,-0.023703672,0.056897957,-0.126168224,-0.124654963,0.007609465,-0.13559322,0.105263158,0.001502477
876,12/2/2021,MU,7559000000,4122000000,712000000,61246000000,15338000000,4827000000,1120000000,0.033914512,-1.81668933,0.334000373,0.040808111,-0.065508021,-0.119828456,-0.038007781,-0.176470588,-0.571428571,-0.007293597
877,3/3/2022,MU,7731000000,4110000000,792000000,63696000000,15851000000,5383000000,1118000000,0.016072818,2.225308436,0.320530482,-0.030040568,-0.097281831,-0.419891086,-0.016508083,-0.095238095,0,0.043170155
878,6/2/2022,MU,8642000000,4607000000,773000000,65296000000,16015000000,5629000000,1105000000,0.020532989,1.868123875,0.177029959,-0.080242212,-0.082408875,-0.689970356,-0.220466654,-0.052631579,2,0.058072562
879,9/1/2022,MU,6643000000,4021000000,839000000,66283000000,16376000000,6663000000,1094000000,0.018831434,-0.017726778,0.190360867,-0.030523642,-0.031088083,1.084462151,-0.041520201,0,-0.592592593,-0.049390295
880,12/1/2022,MU,4085000000,3192000000,849000000,67874000000,18568000000,8359000000,1091000000,0.01609594,0.698938861,0.08014407,-0.032253445,0.048128342,-0.406345566,,0,9,-0.048450002
881,3/2/2023,MU,3604000000,4899000000,788000000,66520000000,19263000000,8129000000,1094000000,,-0.007773642,0.007543269,0.038445263,0.098639456,0.224082421,,-0.027777778,,
882,4/29/2018,AMAT,4579000000,2523000000,509000000,18498000000,11456000000,3494000000,1029000000,0.015614161,0.161903286,0.138620043,-0.011103063,-0.006066734,-0.446735395,-0.125672619,-0.025,-0.222222222,0.025792936
883,7/29/2018,AMAT,4162000000,2298000000,505000000,17883000000,11058000000,3681000000,994000000,0.010604734,0.019115256,-0.023339906,0.054185333,-0.002034588,2.483342744,-0.016460424,-0.025641026,0.142857143,0.007098353
884,10/28/2018,AMAT,3759000000,2102000000,519000000,17633000000,10788000000,3721000000,967000000,0.006380298,0.090647421,-0.007862085,-0.052874088,0,-0.7646296,0.036295806,0,2.25,0.008926232
885,1/27/2019,AMAT,3753000000,2088000000,516000000,18922000000,10713000000,3703000000,957000000,0.009309453,-0.320395051,-0.026411499,0.008177315,-0.036697248,1.466942149,-0.114288788,0.026315789,1.884615385,-0.017532876
886,4/28/2019,AMAT,3539000000,2009000000,508000000,18775000000,10574000000,3677000000,942000000,0.012342928,-0.473676175,0.009081852,0.059290702,0.042328042,0.425181463,0.028232989,-0.076923077,-0.493333333,0.024997195
887,7/28/2019,AMAT,3562000000,2005000000,515000000,18805000000,10689000000,3539000000,929000000,0.012193754,-0.207234375,0.065028225,0.026201025,-0.047715736,-0.558080313,-0.053293437,0,0.210526316,-0.01826894
888,10/27/2019,AMAT,3754000000,2120000000,515000000,19024000000,10810000000,3474000000,916000000,0.008113241,0.201320047,0.071595161,0.042229998,0.036247335,-0.29787234,0.294675905,0,0.956521739,0.050617102
889,1/26/2020,AMAT,4162000000,2304000000,552000000,19767000000,11107000000,3472000000,916000000,-0.00776264,-0.473298921,0.00114732,-0.008722703,-0.00617284,-6.964646465,0.093161158,0.055555556,36.16666667,-0.076039177
890,4/26/2020,AMAT,3957000000,2208000000,550000000,21815000000,12791000000,3725000000,917000000,-0.08827645,-1.422867035,-0.228725763,-0.040636545,-0.232919255,0.116215072,0.408043207,2.421052632,-0.002092676,-0.056562143
891,7/26/2020,AMAT,4395000000,2440000000,572000000,21171000000,11602000000,3952000000,915000000,0.087881073,2.738066762,0.054409797,0.132394626,0.021592443,-1.080504457,-0.077241253,-0.323076923,-0.999400839,0.300589008
892,10/25/2020,AMAT,4688000000,2558000000,560000000,22353000000,11775000000,3904000000,914000000,0.01602243,-0.32651474,-0.202209278,0.070687354,0.054161162,1.191990577,0.10929026,-0.227272727,6,-0.032118814
893,1/31/2021,AMAT,5162000000,2813000000,606000000,23305000000,11832000000,3925000000,915000000,0.028065066,-0.385739032,-0.113179196,0.087553805,0.005012531,2.10424503,0.066697113,-0.088235294,-1,0.123124408
894,5/2/2021,AMAT,5549000000,2929000000,617000000,24085000000,12092000000,4053000000,918000000,0.032853318,-1.32940312,0.573156417,0.082241037,0.067331671,0.567768738,0.025802752,-0.048387097,inf,0.092368624
895,8/1/2021,AMAT,6148000000,3229000000,640000000,24479000000,12419000000,4117000000,908000000,0.021846116,-3.817313812,-0.023703672,0.056897957,-0.126168224,-0.124654963,0.007609465,-0.13559322,0.105263158,0.001502477
896,10/31/2021,AMAT,6021000000,3178000000,622000000,25825000000,13578000000,4309000000,892000000,0.033914512,-1.81668933,0.334000373,0.040808111,-0.065508021,-0.119828456,-0.038007781,-0.176470588,-0.571428571,-0.007293597
897,1/30/2022,AMAT,6206000000,3312000000,654000000,25428000000,13538000000,4526000000,889000000,0.016072818,2.225308436,0.320530482,-0.030040568,-0.097281831,-0.419891086,-0.016508083,-0.095238095,0,0.043170155
898,5/1/2022,AMAT,6245000000,3318000000,686000000,25459000000,13880000000,5009000000,878000000,0.020532989,1.868123875,0.177029959,-0.080242212,-0.082408875,-0.689970356,-0.220466654,-0.052631579,2,0.058072562
899,7/31/2022,AMAT,6484000000,3514000000,705000000,26161000000,14091000000,5506000000,864000000,0.018831434,-0.017726778,0.190360867,-0.030523642,-0.031088083,1.084462151,-0.041520201,0,-0.592592593,-0.049390295
900,10/30/2022,AMAT,6706000000,3648000000,726000000,26726000000,14532000000,5932000000,844000000,0.01609594,0.698938861,0.08014407,-0.032253445,0.048128342,-0.406345566,,0,9,-0.048450002
901,1/29/2023,AMAT,6643000000,3594000000,771000000,27959000000,14539000000,6054000000,845000000,,-0.007773642,0.007543269,0.038445263,0.098639456,0.224082421,,-0.027777778,,
902,6/30/2018,FSLY,34448000,15695000,8099000,,,,,0.015614161,0.161903286,0.138620043,-0.011103063,-0.006066734,-0.446735395,-0.125672619,-0.025,-0.222222222,0.025792936
903,9/30/2018,FSLY,36820000,16711000,9233000,,,,,0.010604734,0.019115256,-0.023339906,0.054185333,-0.002034588,2.483342744,-0.016460424,-0.025641026,0.142857143,0.007098353
904,12/31/2018,FSLY,40797000,17709000,9307000,,,,,0.006380298,0.090647421,-0.007862085,-0.052874088,0,-0.7646296,0.036295806,0,2.25,0.008926232
905,3/31/2019,FSLY,45556000,19718000,10176000,,,,,0.009309453,-0.320395051,-0.026411499,0.008177315,-0.036697248,1.466942149,-0.114288788,0.026315789,1.884615385,-0.017532876
906,6/30/2019,FSLY,46173000,20784000,11244000,356376000,89054000,0,93429000,0.012342928,-0.473676175,0.009081852,0.059290702,0.042328042,0.425181463,0.028232989,-0.076923077,-0.493333333,0.024997195
907,9/30/2019,FSLY,49797000,22292000,12121000,327320000,67905000,0,93347000,0.012193754,-0.207234375,0.065028225,0.026201025,-0.047715736,-0.558080313,-0.053293437,0,0.210526316,-0.01826894
908,12/31/2019,FSLY,58936000,25528000,12951000,320969000,63317000,0,94818000,0.008113241,0.201320047,0.071595161,0.042229998,0.036247335,-0.29787234,0.294675905,0,0.956521739,0.050617102
909,3/31/2020,FSLY,62924000,27265000,14298000,323846000,67796000,0,95401000,-0.00776264,-0.473298921,0.00114732,-0.008722703,-0.00617284,-6.964646465,0.093161158,0.055555556,36.16666667,-0.076039177
910,6/30/2020,FSLY,74663000,29697000,16655000,607864000,65699000,0,99835000,-0.08827645,-1.422867035,-0.228725763,-0.040636545,-0.232919255,0.116215072,0.408043207,2.421052632,-0.002092676,-0.056562143
911,9/30/2020,FSLY,70638000,29292000,18271000,631518000,96398000,0,105942000,0.087881073,2.738066762,0.054409797,0.132394626,0.021592443,-1.080504457,-0.077241253,-0.323076923,-0.999400839,0.300589008
912,12/31/2020,FSLY,82649000,33753000,25590000,1220000000,158086000,0,113623000,0.01602243,-0.32651474,-0.202209278,0.070687354,0.054161162,1.191990577,0.10929026,-0.227272727,6,-0.032118814
913,3/31/2021,FSLY,84852000,37494000,28988000,2138000000,1093000000,0,114134000,0.028065066,-0.385739032,-0.113179196,0.087553805,0.005012531,2.10424503,0.066697113,-0.088235294,-1,0.123124408
914,6/30/2021,FSLY,85026000,40320000,30346000,2137000000,1108000000,0,115326000,0.032853318,-1.32940312,0.573156417,0.082241037,0.067331671,0.567768738,0.025802752,-0.048387097,inf,0.092368624
915,9/30/2021,FSLY,86735000,41244000,32528000,2139000000,1123000000,0,116475000,0.021846116,-3.817313812,-0.023703672,0.056897957,-0.126168224,-0.124654963,0.007609465,-0.13559322,0.105263158,0.001502477
916,12/31/2021,FSLY,97717000,47944000,34997000,2159000000,1145000000,0,118811000,0.033914512,-1.81668933,0.334000373,0.040808111,-0.065508021,-0.119828456,-0.038007781,-0.176470588,-0.571428571,-0.007293597
917,3/31/2022,FSLY,102382000,53915000,40437000,2134000000,1158000000,0,119673000,0.016072818,2.225308436,0.320530482,-0.030040568,-0.097281831,-0.419891086,-0.016508083,-0.095238095,0,0.043170155
918,6/30/2022,FSLY,102518000,56466000,38717000,1933000000,939057000,0,121242000,0.020532989,1.868123875,0.177029959,-0.080242212,-0.082408875,-0.689970356,-0.220466654,-0.052631579,2,0.058072562
919,9/30/2022,FSLY,108504000,55825000,38957000,1907000000,939619000,0,122339000,0.018831434,-0.017726778,0.190360867,-0.030523642,-0.031088083,1.084462151,-0.041520201,0,-0.592592593,-0.049390295
920,12/31/2022,FSLY,119321000,56738000,37197000,1896000000,940955000,0,124336000,0.01609594,0.698938861,0.08014407,-0.032253445,0.048128342,-0.406345566,,0,9,-0.048450002
921,3/31/2018,SQ,668603000,21282000,105095000,2380000000,1570000000,20899000,395948000,0.013105769,0.456297511,0.036384934,0.050013829,0.005081301,-0.572287547,0.045172494,-0.047619048,0.8,0.054504315
922,6/30/2018,SQ,814938000,499122000,114800000,3555000000,2473000000,22041000,403301000,0.015614161,0.161903286,0.138620043,-0.011103063,-0.006066734,-0.446735395,-0.125672619,-0.025,-0.222222222,0.025792936
923,9/30/2018,SQ,882108000,529448000,135773000,3973000000,2851000000,25294000,409690000,0.010604734,0.019115256,-0.023339906,0.054185333,-0.002034588,2.483342744,-0.016460424,-0.025641026,0.142857143,0.007098353
924,12/31/2018,SQ,932528000,552474000,141811000,3281000000,2161000000,28627000,413984000,0.006380298,0.090647421,-0.007862085,-0.052874088,0,-0.7646296,0.036295806,0,2.25,0.008926232
925,3/31/2019,SQ,959359000,562605000,154350000,4403000000,3281000000,26679000,419289000,0.009309453,-0.320395051,-0.026411499,0.008177315,-0.036697248,1.466942149,-0.114288788,0.026315789,1.884615385,-0.017532876
926,6/30/2019,SQ,1174000000,708393000,174201000,4654000000,3470000000,29354000,423305000,0.012342928,-0.473676175,0.009081852,0.059290702,0.042328042,0.425181463,0.028232989,-0.076923077,-0.493333333,0.024997195
927,9/30/2019,SQ,1266000000,766437000,168771000,4001000000,2751000000,44690000,427124000,0.012193754,-0.207234375,0.065028225,0.026201025,-0.047715736,-0.558080313,-0.053293437,0,0.210526316,-0.01826894
928,12/31/2019,SQ,1313000000,786380000,176843000,4551000000,2836000000,47683000,430279000,0.008113241,0.201320047,0.071595161,0.042229998,0.036247335,-0.29787234,0.294675905,0,0.956521739,0.050617102
929,3/31/2020,SQ,1381000000,842608000,194986000,6004000000,4196000000,54719000,434940000,-0.00776264,-0.473298921,0.00114732,-0.008722703,-0.00617284,-6.964646465,0.093161158,0.055555556,36.16666667,-0.076039177
930,6/30/2020,SQ,1924000000,1327000000,207730000,7812000000,5886000000,55422000,440117000,-0.08827645,-1.422867035,-0.228725763,-0.040636545,-0.232919255,0.116215072,0.408043207,2.421052632,-0.002092676,-0.056562143
931,9/30/2020,SQ,3034000000,2239000000,227550000,8114000000,6051000000,70422000,444458000,0.087881073,2.738066762,0.054409797,0.132394626,0.021592443,-1.080504457,-0.077241253,-0.323076923,-0.999400839,0.300589008
932,12/31/2020,SQ,3159000000,2355000000,250670000,9870000000,7188000000,61129000,452939000,0.01602243,-0.32651474,-0.202209278,0.070687354,0.054161162,1.191990577,0.10929026,-0.227272727,6,-0.032118814
933,3/31/2021,SQ,5057000000,4300000,310141000,11349000000,9034000000,63825000,454973000,0.028065066,-0.385739032,-0.113179196,0.087553805,0.005012531,2.10424503,0.066697113,-0.088235294,-1,0.123124408
934,6/30/2021,SQ,4681000000,5405000,324059000,13816000000,11079000000,58786000,455431000,0.032853318,-1.32940312,0.573156417,0.082241037,0.067331671,0.567768738,0.025802752,-0.048387097,inf,0.092368624
935,9/30/2021,SQ,3845000000,6351000,360729000,13909000000,10905000000,73413000,460654000,0.021846116,-3.817313812,-0.023703672,0.056897957,-0.126168224,-0.124654963,0.007609465,-0.13559322,0.105263158,0.001502477
936,12/31/2021,SQ,4079000000,6589000,391343000,15026000000,11713000000,77058000,462611000,0.033914512,-1.81668933,0.334000373,0.040808111,-0.065508021,-0.119828456,-0.038007781,-0.176470588,-0.571428571,-0.007293597
937,3/31/2022,SQ,3961000000,15469000,484761000,29127000000,11677000000,72340000,541435000,0.016072818,2.225308436,0.320530482,-0.030040568,-0.097281831,-0.419891086,-0.016508083,-0.095238095,0,0.043170155
938,6/30/2022,SQ,4404000000,17899000,524827000,28885000000,11994000000,78737000,581350000,0.020532989,1.868123875,0.177029959,-0.080242212,-0.082408875,-0.689970356,-0.220466654,-0.052631579,2,0.058072562
939,9/30/2022,SQ,4516000000,18506000,548037000,29121000000,12591000000,102962000,592672000,0.018831434,-0.017726778,0.190360867,-0.030523642,-0.031088083,1.084462151,-0.041520201,0,-0.592592593,-0.049390295
940,12/31/2022,SQ,4651000000,18320000,604524000,31364000000,14113000000,97703000,599094000,0.01609594,0.698938861,0.08014407,-0.032253445,0.048128342,-0.406345566,,0,9,-0.048450002
941,3/31/2018,TWLO,129116000,59582000,37576000,482795000,120255000,0,95692000,0.013105769,0.456297511,0.036384934,0.050013829,0.005081301,-0.572287547,0.045172494,-0.047619048,0.8,0.054504315
942,6/30/2018,TWLO,147754000,67940000,39811000,985848000,556177000,0,97339000,0.015614161,0.161903286,0.138620043,-0.011103063,-0.006066734,-0.446735395,-0.125672619,-0.025,-0.222222222,0.025792936
943,9/30/2018,TWLO,168895000,77031000,42340000,1004000000,569444000,0,98727000,0.010604734,0.019115256,-0.023339906,0.054185333,-0.002034588,2.483342744,-0.016460424,-0.025641026,0.142857143,0.007098353
944,12/31/2018,TWLO,204302000,96288000,51631000,1029000000,590475000,0,100080000,0.006380298,0.090647421,-0.007862085,-0.052874088,0,-0.7646296,0.036295806,0,2.25,0.008926232
945,3/31/2019,TWLO,233139000,107089000,77855000,4120000000,792560000,0,126078000,0.009309453,-0.320395051,-0.026411499,0.008177315,-0.036697248,1.466942149,-0.114288788,0.026315789,1.884615385,-0.017532876
946,6/30/2019,TWLO,275039000,125024000,98783000,5109000000,812245000,0,135762000,0.012342928,-0.473676175,0.009081852,0.059290702,0.042328042,0.425181463,0.028232989,-0.076923077,-0.493333333,0.024997195
947,9/30/2019,TWLO,295066000,136904000,104481000,5110000000,825682000,0,137073000,0.012193754,-0.207234375,0.065028225,0.026201025,-0.047715736,-0.558080313,-0.053293437,0,0.210526316,-0.01826894
948,12/31/2019,TWLO,331224000,156534000,110236000,5151000000,871105000,0,138413000,0.008113241,0.201320047,0.071595161,0.042229998,0.036247335,-0.29787234,0.294675905,0,0.956521739,0.050617102
949,3/31/2020,TWLO,364868000,171333000,114339000,5166000000,909740000,0,139232000,-0.00776264,-0.473298921,0.00114732,-0.008722703,-0.00617284,-6.964646465,0.093161158,0.055555556,36.16666667,-0.076039177
950,6/30/2020,TWLO,400849000,191718000,120701000,5291000000,968979000,0,141619000,-0.08827645,-1.422867035,-0.228725763,-0.040636545,-0.232919255,0.116215072,0.408043207,2.421052632,-0.002092676,-0.056562143
951,9/30/2020,TWLO,447969000,217095000,136652000,6724000000,961434000,0,147501000,0.087881073,2.738066762,0.054409797,0.132394626,0.021592443,-1.080504457,-0.077241253,-0.323076923,-0.999400839,0.300589008
952,12/31/2020,TWLO,548090000,265969000,158856000,9487000000,1035000000,0,164048000,0.01602243,-0.32651474,-0.202209278,0.070687354,0.054161162,1.191990577,0.10929026,-0.227272727,6,-0.032118814
953,3/31/2021,TWLO,589988000,291684000,174800000,12242000000,1995000000,0,167160000,0.028065066,-0.385739032,-0.113179196,0.087553805,0.005012531,2.10424503,0.066697113,-0.088235294,-1,0.123124408
954,6/30/2021,TWLO,668931000,337684000,181280000,12534000000,1839000000,0,173407000,0.032853318,-1.32940312,0.573156417,0.082241037,0.067331671,0.567768738,0.025802752,-0.048387097,inf,0.092368624
955,9/30/2021,TWLO,740176000,375561000,209890000,12977000000,1895000000,0,177231000,0.021846116,-3.817313812,-0.023703672,0.056897957,-0.126168224,-0.124654963,0.007609465,-0.13559322,0.105263158,0.001502477
956,12/31/2021,TWLO,842744000,446197000,223249000,12999000000,1967000000,0,180468000,0.033914512,-1.81668933,0.334000373,0.040808111,-0.065508021,-0.119828456,-0.038007781,-0.176470588,-0.571428571,-0.007293597
957,3/31/2022,TWLO,875363000,450292000,240611000,12891000000,1973000000,0,180899000,0.016072818,2.225308436,0.320530482,-0.030040568,-0.097281831,-0.419891086,-0.016508083,-0.095238095,0,0.043170155
958,6/30/2022,TWLO,943354000,498065000,279641000,12869000000,2027000000,0,182348000,0.020532989,1.868123875,0.177029959,-0.080242212,-0.082408875,-0.689970356,-0.220466654,-0.052631579,2,0.058072562
959,9/30/2022,TWLO,983030000,520955000,284735000,12613000000,2082000000,0,183693000,0.018831434,-0.017726778,0.190360867,-0.030523642,-0.031088083,1.084462151,-0.041520201,0,-0.592592593,-0.049390295
960,12/31/2022,TWLO,1025000000,543432000,274094000,12564000000,2005000000,0,185976000,0.01609594,0.698938861,0.08014407,-0.032253445,0.048128342,-0.406345566,,0,9,-0.048450002
961,4/30/2018,ZS,49163000,2600000,9907000,405538000,162346000,0,119819000,0.015614161,0.161903286,0.138620043,-0.011103063,-0.006066734,-0.446735395,-0.125672619,-0.025,-0.222222222,0.025792936
962,7/31/2018,ZS,56174000,2500000,11480000,447781000,207545000,0,119764000,0.010604734,0.019115256,-0.023339906,0.054185333,-0.002034588,2.483342744,-0.016460424,-0.025641026,0.142857143,0.007098353
963,10/31/2018,ZS,63298000,3000000,13186000,458094000,205916000,0,122106000,0.006380298,0.090647421,-0.007862085,-0.052874088,0,-0.7646296,0.036295806,0,2.25,0.008926232
964,1/31/2019,ZS,74302000,3400000,15071000,518113000,241040000,0,123987000,0.009309453,-0.320395051,-0.026411499,0.008177315,-0.036697248,1.466942149,-0.114288788,0.026315789,1.884615385,-0.017532876
965,4/30/2019,ZS,79128000,3600000,16499000,537536000,250957000,0,125552000,0.012342928,-0.473676175,0.009081852,0.059290702,0.042328042,0.425181463,0.028232989,-0.076923077,-0.493333333,0.024997195
966,7/31/2019,ZS,86108000,3800000,17213000,604162000,295604000,0,127253000,0.012193754,-0.207234375,0.065028225,0.026201025,-0.047715736,-0.558080313,-0.053293437,0,0.210526316,-0.01826894
967,10/31/2019,ZS,93590000,19558000,20271000,636228000,322176000,0,127926000,0.008113241,0.201320047,0.071595161,0.042229998,0.036247335,-0.29787234,0.294675905,0,0.956521739,0.050617102
968,1/31/2020,ZS,101268000,20238000,20706000,676425000,357261000,0,129266000,-0.00776264,-0.473298921,0.00114732,-0.008722703,-0.00617284,-6.964646465,0.093161158,0.055555556,36.16666667,-0.076039177
969,4/30/2020,ZS,110524000,24579000,24117000,735964000,401170000,0,130347000,-0.08827645,-1.422867035,-0.228725763,-0.040636545,-0.232919255,0.116215072,0.408043207,2.421052632,-0.002092676,-0.056562143
970,7/31/2020,ZS,125887000,31358000,32785000,1833000000,1349000000,0,132817000,0.087881073,2.738066762,0.054409797,0.132394626,0.021592443,-1.080504457,-0.077241253,-0.323076923,-0.999400839,0.300589008
971,10/31/2020,ZS,142578000,31727000,35770000,1853000000,1361000000,0,134163000,0.01602243,-0.32651474,-0.202209278,0.070687354,0.054161162,1.191990577,0.10929026,-0.227272727,6,-0.032118814
972,1/31/2021,ZS,157044000,34135000,41751000,1969000000,1467000000,0,135858000,0.028065066,-0.385739032,-0.113179196,0.087553805,0.005012531,2.10424503,0.066697113,-0.088235294,-1,0.123124408
973,4/30/2021,ZS,176404000,38977000,40952000,2062000000,1554000000,0,136895000,0.032853318,-1.32940312,0.573156417,0.082241037,0.067331671,0.567768738,0.025802752,-0.048387097,inf,0.092368624
974,7/31/2021,ZS,197074000,45478000,56180000,2258000000,1729000000,0,138662000,0.021846116,-3.817313812,-0.023703672,0.056897957,-0.126168224,-0.124654963,0.007609465,-0.13559322,0.105263158,0.001502477
975,10/31/2021,ZS,230517000,52169000,65216000,2271000000,1741000000,0,140032000,0.033914512,-1.81668933,0.334000373,0.040808111,-0.065508021,-0.119828456,-0.038007781,-0.176470588,-0.571428571,-0.007293597
976,1/31/2022,ZS,255563000,57783000,69195000,2422000000,1883000000,0,141063000,0.016072818,2.225308436,0.320530482,-0.030040568,-0.097281831,-0.419891086,-0.016508083,-0.095238095,0,0.043170155
977,4/30/2022,ZS,286807000,64022000,76578000,2525000000,1993000000,0,141847000,0.020532989,1.868123875,0.177029959,-0.080242212,-0.082408875,-0.689970356,-0.220466654,-0.052631579,2,0.058072562
978,7/31/2022,ZS,318059000,68308000,78150000,2833000000,2259000000,0,143038000,0.018831434,-0.017726778,0.190360867,-0.030523642,-0.031088083,1.084462151,-0.041520201,0,-0.592592593,-0.049390295
979,10/31/2022,ZS,355548000,76697000,74946000,2836000000,2404000000,0,144210000,0.01609594,0.698938861,0.08014407,-0.032253445,0.048128342,-0.406345566,,0,9,-0.048450002
980,1/31/2023,ZS,387598000,87604000,85765000,3040000000,2511000000,0,145087000,,-0.007773642,0.007543269,0.038445263,0.098639456,0.224082421,,-0.027777778,,
981,4/30/2018,CRWD,47289000,19394000,17615000,,,,,0.015614161,0.161903286,0.138620043,-0.011103063,-0.006066734,-0.446735395,-0.125672619,-0.025,-0.222222222,0.025792936
982,7/31/2018,CRWD,55701000,18575000,18963000,,,,,0.010604734,0.019115256,-0.023339906,0.054185333,-0.002034588,2.483342744,-0.016460424,-0.025641026,0.142857143,0.007098353
983,10/31/2018,CRWD,66379000,22274000,25968000,,,,,0.006380298,0.090647421,-0.007862085,-0.052874088,0,-0.7646296,0.036295806,0,2.25,0.008926232
984,1/31/2019,CRWD,80455000,26995000,22005000,,,,,0.009309453,-0.320395051,-0.026411499,0.008177315,-0.036697248,1.466942149,-0.114288788,0.026315789,1.884615385,-0.017532876
985,4/30/2019,CRWD,98376000,29273000,23875000,457361000,384626000,0,48127000,0.012342928,-0.473676175,0.009081852,0.059290702,0.042328042,0.425181463,0.028232989,-0.076923077,-0.493333333,0.024997195
986,7/31/2019,CRWD,110244000,31582000,31630000,1172000000,443489000,0,225893000,0.012193754,-0.207234375,0.065028225,0.026201025,-0.047715736,-0.558080313,-0.053293437,0,0.210526316,-0.01826894
987,10/31/2019,CRWD,127187000,37355000,35992000,1256000000,539012000,0,205479000,0.008113241,0.201320047,0.071595161,0.042229998,0.036247335,-0.29787234,0.294675905,0,0.956521739,0.050617102
988,1/31/2020,CRWD,154164000,43416000,38691000,1405000000,662299000,0,212948000,-0.00776264,-0.473298921,0.00114732,-0.008722703,-0.00617284,-6.964646465,0.093161158,0.055555556,36.16666667,-0.076039177
989,4/30/2020,CRWD,178835000,46895000,40578000,1519000000,766243000,0,213129000,-0.08827645,-1.422867035,-0.228725763,-0.040636545,-0.232919255,0.116215072,0.408043207,2.421052632,-0.002092676,-0.056562143
990,7/31/2020,CRWD,199797000,54391000,50483000,1617000000,824937000,0,216695000,0.087881073,2.738066762,0.054409797,0.132394626,0.021592443,-1.080504457,-0.077241253,-0.323076923,-0.999400839,0.300589008
991,10/31/2020,CRWD,233367000,61527000,57539000,1750000000,934724000,0,219401000,0.01602243,-0.32651474,-0.202209278,0.070687354,0.054161162,1.191990577,0.10929026,-0.227272727,6,-0.032118814
992,1/31/2021,CRWD,265165000,66732000,66070000,2733000000,1861000000,0,221728000,0.028065066,-0.385739032,-0.113179196,0.087553805,0.005012531,2.10424503,0.066697113,-0.088235294,-1,0.123124408
993,4/30/2021,CRWD,298394000,78505000,78180000,2881000000,2028000000,0,224153000,0.032853318,-1.32940312,0.573156417,0.082241037,0.067331671,0.567768738,0.025802752,-0.048387097,inf,0.092368624
994,7/31/2021,CRWD,333194000,90432000,90455000,3136000000,2225000000,0,226362000,0.021846116,-3.817313812,-0.023703672,0.056897957,-0.126168224,-0.124654963,0.007609465,-0.13559322,0.105263158,0.001502477
995,10/31/2021,CRWD,375448000,101664000,97630000,3300000000,2340000000,0,228293000,0.033914512,-1.81668933,0.334000373,0.040808111,-0.065508021,-0.119828456,-0.038007781,-0.176470588,-0.571428571,-0.007293597
996,1/31/2022,CRWD,427267000,112620000,105018000,3618000000,2581000000,0,229692000,0.016072818,2.225308436,0.320530482,-0.030040568,-0.097281831,-0.419891086,-0.016508083,-0.095238095,0,0.043170155
997,4/30/2022,CRWD,481536000,126832000,123399000,3836000000,2719000000,0,231179000,0.020532989,1.868123875,0.177029959,-0.080242212,-0.082408875,-0.689970356,-0.220466654,-0.052631579,2,0.058072562
998,7/31/2022,CRWD,528818000,140567000,137864000,4154000000,2911000000,0,232554000,0.018831434,-0.017726778,0.190360867,-0.030523642,-0.031088083,1.084462151,-0.041520201,0,-0.592592593,-0.049390295
999,10/31/2022,CRWD,590793000,158228000,155256000,4469000000,3132000000,0,233785000,0.01609594,0.698938861,0.08014407,-0.032253445,0.048128342,-0.406345566,,0,9,-0.048450002
1000,1/31/2023,CRWD,668531000,175604000,191845000,5027000000,3539000000,0,235050000,,-0.007773642,0.007543269,0.038445263,0.098639456,0.224082421,,-0.027777778,,
1001,4/30/2018,MDB,48222000,13749000,18645000,400227000,227720000,0,50597000,0.015614161,0.161903286,0.138620043,-0.011103063,-0.006066734,-0.446735395,-0.125672619,-0.025,-0.222222222,0.025792936
1002,7/31/2018,MDB,56196000,16494000,21430000,663930000,455306000,0,52085000,0.010604734,0.019115256,-0.023339906,0.054185333,-0.002034588,2.483342744,-0.016460424,-0.025641026,0.142857143,0.007098353
1003,10/31/2018,MDB,64985000,17758000,23179000,670670000,473425000,0,53496000,0.006380298,0.090647421,-0.007862085,-0.052874088,0,-0.7646296,0.036295806,0,2.25,0.008926232
1004,1/31/2019,MDB,86029000,25567000,26600000,733476000,468910000,0,54322000,0.009309453,-0.320395051,-0.026411499,0.008177315,-0.036697248,1.466942149,-0.114288788,0.026315789,1.884615385,-0.017532876
1005,4/30/2019,MDB,84699000,28172000,30868000,734241000,486373000,0,55276000,0.012342928,-0.473676175,0.009081852,0.059290702,0.042328042,0.425181463,0.028232989,-0.076923077,-0.493333333,0.024997195
1006,7/31/2019,MDB,94428000,30202000,37140000,741597000,502254000,0,56239000,0.012193754,-0.207234375,0.065028225,0.026201025,-0.047715736,-0.558080313,-0.053293437,0,0.210526316,-0.01826894
1007,10/31/2019,MDB,104628000,32191000,39387000,734985000,516150000,0,56679000,0.008113241,0.201320047,0.071595161,0.042229998,0.036247335,-0.29787234,0.294675905,0,0.956521739,0.050617102
1008,1/31/2020,MDB,102460000,34791000,41638000,1329000000,1246000000,0,57383000,-0.00776264,-0.473298921,0.00114732,-0.008722703,-0.00617284,-6.964646465,0.093161158,0.055555556,36.16666667,-0.076039177
1009,4/30/2020,MDB,116534000,37677000,45632000,1337000000,1274000000,0,57997000,-0.08827645,-1.422867035,-0.228725763,-0.040636545,-0.232919255,0.116215072,0.408043207,2.421052632,-0.002092676,-0.056562143
1010,7/31/2020,MDB,124331000,42304000,49255000,1355000000,1307000000,0,58858000,0.087881073,2.738066762,0.054409797,0.132394626,0.021592443,-1.080504457,-0.077241253,-0.323076923,-0.999400839,0.300589008
1011,10/31/2020,MDB,136678000,46110000,54363000,1356000000,1334000000,0,60156000,0.01602243,-0.32651474,-0.202209278,0.070687354,0.054161162,1.191990577,0.10929026,-0.227272727,6,-0.032118814
1012,1/31/2021,MDB,156144000,50985000,55911000,1407000000,1408000000,0,60898000,0.028065066,-0.385739032,-0.113179196,0.087553805,0.005012531,2.10424503,0.066697113,-0.088235294,-1,0.123124408
1013,4/30/2021,MDB,177675000,54528000,64751000,1378000000,1646000000,0,61362000,0.032853318,-1.32940312,0.573156417,0.082241037,0.067331671,0.567768738,0.025802752,-0.048387097,inf,0.092368624
1014,7/31/2021,MDB,196191000,60702000,72396000,2281000000,1608000000,0,63427000,0.021846116,-3.817313812,-0.023703672,0.056897957,-0.126168224,-0.124654963,0.007609465,-0.13559322,0.105263158,0.001502477
1015,10/31/2021,MDB,224296000,68464000,82256000,2352000000,1689000000,0,66386000,0.033914512,-1.81668933,0.334000373,0.040808111,-0.065508021,-0.119828456,-0.038007781,-0.176470588,-0.571428571,-0.007293597
1016,1/31/2022,MDB,262973000,75798000,89417000,2450000000,1783000000,0,67444000,0.016072818,2.225308436,0.320530482,-0.030040568,-0.097281831,-0.419891086,-0.016508083,-0.095238095,0,0.043170155
1017,4/30/2022,MDB,282413000,78215000,96372000,2435000000,1762000000,0,68061000,0.020532989,1.868123875,0.177029959,-0.080242212,-0.082408875,-0.689970356,-0.220466654,-0.052631579,2,0.058072562
1018,7/31/2022,MDB,301231000,88277000,108037000,2452000000,1783000000,0,68687000,0.018831434,-0.017726778,0.190360867,-0.030523642,-0.031088083,1.084462151,-0.041520201,0,-0.592592593,-0.049390295
1019,10/31/2022,MDB,331124000,93652000,106392000,2467000000,1783000000,0,69256000,0.01609594,0.698938861,0.08014407,-0.032253445,0.048128342,-0.406345566,,0,9,-0.048450002
1020,1/31/2023,MDB,356080000,89160000,110891000,2589000000,1849000000,0,69535000,,-0.007773642,0.007543269,0.038445263,0.098639456,0.224082421,,-0.027777778,,
1021,4/30/2018,OKTA,83621000,24107000,19929000,726904000,477287000,0,106492000,0.015614161,0.161903286,0.138620043,-0.011103063,-0.006066734,-0.446735395,-0.125672619,-0.025,-0.222222222,0.025792936
1022,7/31/2018,OKTA,94586000,28228000,24829000,763917000,518772000,0,108994000,0.010604734,0.019115256,-0.023339906,0.054185333,-0.002034588,2.483342744,-0.016460424,-0.025641026,0.142857143,0.007098353
1023,10/31/2018,OKTA,105576000,29700000,27596000,796709000,552206000,0,110346000,0.006380298,0.090647421,-0.007862085,-0.052874088,0,-0.7646296,0.036295806,0,2.25,0.008926232
1024,1/31/2019,OKTA,100399000,31386000,30031000,984313000,731936000,0,112152000,0.009309453,-0.320395051,-0.026411499,0.008177315,-0.036697248,1.466942149,-0.114288788,0.026315789,1.884615385,-0.017532876
1025,4/30/2019,OKTA,120982000,35095000,34032000,998542000,759098000,0,114139000,0.012342928,-0.473676175,0.009081852,0.059290702,0.042328042,0.425181463,0.028232989,-0.076923077,-0.493333333,0.024997195
1026,7/31/2019,OKTA,136876000,38780000,40045000,1027000000,776085000,0,116748000,0.012193754,-0.207234375,0.065028225,0.026201025,-0.047715736,-0.558080313,-0.053293437,0,0.210526316,-0.01826894
1027,10/31/2019,OKTA,131439000,40824000,41832000,1871000000,1472000000,0,121131000,0.008113241,0.201320047,0.071595161,0.042229998,0.036247335,-0.29787234,0.294675905,0,0.956521739,0.050617102
1028,1/31/2020,OKTA,157681000,44683000,43360000,1955000000,1550000000,0,122638000,-0.00776264,-0.473298921,0.00114732,-0.008722703,-0.00617284,-6.964646465,0.093161158,0.055555556,36.16666667,-0.076039177
1029,4/30/2020,OKTA,172095000,48486000,48494000,2037000000,1624000000,0,123494000,-0.08827645,-1.422867035,-0.228725763,-0.040636545,-0.232919255,0.116215072,0.408043207,2.421052632,-0.002092676,-0.056562143
1030,7/31/2020,OKTA,181341000,51147000,53866000,3115000000,2430000000,0,126319000,0.087881073,2.738066762,0.054409797,0.132394626,0.021592443,-1.080504457,-0.077241253,-0.323076923,-0.999400839,0.300589008
1031,10/31/2020,OKTA,194922000,56908000,58150000,3170000000,2490000000,0,128813000,0.01602243,-0.32651474,-0.202209278,0.070687354,0.054161162,1.191990577,0.10929026,-0.227272727,6,-0.032118814
1032,1/31/2021,OKTA,212143000,61459000,62490000,3299000000,2605000000,0,130182000,0.028065066,-0.385739032,-0.113179196,0.087553805,0.005012531,2.10424503,0.066697113,-0.088235294,-1,0.123124408
1033,4/30/2021,OKTA,228110000,66123000,68863000,3430000000,2748000000,0,131777000,0.032853318,-1.32940312,0.573156417,0.082241037,0.067331671,0.567768738,0.025802752,-0.048387097,inf,0.092368624
1034,7/31/2021,OKTA,292585000,101106000,122407000,8932000000,2890000000,0,151357000,0.021846116,-3.817313812,-0.023703672,0.056897957,-0.126168224,-0.124654963,0.007609465,-0.13559322,0.105263158,0.001502477
1035,10/31/2021,OKTA,327536000,109674000,130535000,8997000000,3012000000,0,153756000,0.033914512,-1.81668933,0.334000373,0.040808111,-0.065508021,-0.119828456,-0.038007781,-0.176470588,-0.571428571,-0.007293597
1036,1/31/2022,OKTA,359609000,119097000,147195000,9206000000,3284000000,0,154798000,0.016072818,2.225308436,0.320530482,-0.030040568,-0.097281831,-0.419891086,-0.016508083,-0.095238095,0,0.043170155
1037,4/30/2022,OKTA,412075000,131165000,161651000,9046000000,3573000000,0,155875000,0.020532989,1.868123875,0.177029959,-0.080242212,-0.082408875,-0.689970356,-0.220466654,-0.052631579,2,0.058072562
1038,7/31/2022,OKTA,448892000,137694000,155836000,9074000000,3621000000,0,157400000,0.018831434,-0.017726778,0.190360867,-0.030523642,-0.031088083,1.084462151,-0.041520201,0,-0.592592593,-0.049390295
1039,10/31/2022,OKTA,478237000,137653000,148484000,9094000000,3686000000,0,158708000,0.01609594,0.698938861,0.08014407,-0.032253445,0.048128342,-0.406345566,,0,9,-0.048450002
1040,1/31/2023,OKTA,507796000,139488000,154029000,9307000000,3841000000,0,160060000,,-0.007773642,0.007543269,0.038445263,0.098639456,0.224082421,,-0.027777778,,
1041,3/31/2018,ROKU,136525000,73464000,34126000,360480000,167004000,38062000,99506000,0.013105769,0.456297511,0.036384934,0.050013829,0.005081301,-0.572287547,0.045172494,-0.047619048,0.8,0.054504315
1042,6/30/2018,ROKU,156753000,79058000,40196000,381668000,169903000,39431000,102652000,0.015614161,0.161903286,0.138620043,-0.011103063,-0.006066734,-0.446735395,-0.125672619,-0.025,-0.222222222,0.025792936
1043,9/30/2018,ROKU,173269000,94388000,45370000,428358000,206482000,68803000,106884000,0.010604734,0.019115256,-0.023339906,0.054185333,-0.002034588,2.483342744,-0.016460424,-0.025641026,0.142857143,0.007098353
1044,12/31/2018,ROKU,275739000,163448000,51000000,464997000,220346000,35585000,109770000,0.006380298,0.090647421,-0.007862085,-0.052874088,0,-0.7646296,0.036295806,0,2.25,0.008926232
1045,3/31/2019,ROKU,206662000,105771000,55738000,628132000,267198000,33398000,110896000,0.009309453,-0.320395051,-0.026411499,0.008177315,-0.036697248,1.466942149,-0.114288788,0.026315789,1.884615385,-0.017532876
1046,6/30/2019,ROKU,250101000,135892000,61994000,820825000,360143000,39443000,114572000,0.012342928,-0.473676175,0.009081852,0.059290702,0.042328042,0.425181463,0.028232989,-0.076923077,-0.493333333,0.024997195
1047,9/30/2019,ROKU,261592000,142451000,68487000,897305000,433528000,73531000,116681000,0.012193754,-0.207234375,0.065028225,0.026201025,-0.047715736,-0.558080313,-0.053293437,0,0.210526316,-0.01826894
1048,12/31/2019,ROKU,411230000,249583000,78792000,1470000000,771808000,49714000,119897000,0.008113241,0.201320047,0.071595161,0.042229998,0.036247335,-0.29787234,0.294675905,0,0.956521739,0.050617102
1049,3/31/2020,ROKU,321552000,179665000,88278000,1542000000,865796000,43978000,120180000,-0.00776264,-0.473298921,0.00114732,-0.008722703,-0.00617284,-6.964646465,0.093161158,0.055555556,36.16666667,-0.076039177
1050,6/30/2020,ROKU,356972000,209237000,84387000,1846000000,830869000,45001000,122614000,-0.08827645,-1.422867035,-0.228725763,-0.040636545,-0.232919255,0.116215072,0.408043207,2.421052632,-0.002092676,-0.056562143
1051,9/30/2020,ROKU,451947000,236839000,88388000,2104000000,887635000,62609000,125687000,0.087881073,2.738066762,0.054409797,0.132394626,0.021592443,-1.080504457,-0.077241253,-0.323076923,-0.999400839,0.300589008
1052,12/31/2020,ROKU,649886000,344428000,94731000,2271000000,942527000,53895000,128004000,0.01602243,-0.32651474,-0.202209278,0.070687354,0.054161162,1.191990577,0.10929026,-0.227272727,6,-0.032118814
1053,3/31/2021,ROKU,574183000,247412000,101581000,3487000000,1046000000,41246000,129674000,0.028065066,-0.385739032,-0.113179196,0.087553805,0.005012531,2.10424503,0.066697113,-0.088235294,-1,0.123124408
1054,6/30/2021,ROKU,645319000,306853000,113276000,3639000000,1078000000,47996000,132705000,0.032853318,-1.32940312,0.573156417,0.082241037,0.067331671,0.567768738,0.025802752,-0.048387097,inf,0.092368624
1055,9/30/2021,ROKU,679953000,316034000,120307000,3912000000,1229000000,75945000,133685000,0.021846116,-3.817313812,-0.023703672,0.056897957,-0.126168224,-0.124654963,0.007609465,-0.13559322,0.105263158,0.001502477
1056,12/31/2021,ROKU,864129000,485685000,126438000,4082000000,1316000000,50276000,135137000,0.033914512,-1.81668933,0.334000373,0.040808111,-0.065508021,-0.119828456,-0.038007781,-0.176470588,-0.571428571,-0.007293597
1057,3/31/2022,ROKU,733699000,368892000,163998000,4226000000,1413000000,72863000,135539000,0.016072818,2.225308436,0.320530482,-0.030040568,-0.097281831,-0.419891086,-0.016508083,-0.095238095,0,0.043170155
1058,6/30/2022,ROKU,764406000,409257000,196637000,4314000000,1518000000,76077000,136849000,0.020532989,1.868123875,0.177029959,-0.080242212,-0.082408875,-0.689970356,-0.220466654,-0.052631579,2,0.058072562
1059,9/30/2022,ROKU,761373000,404586000,207608000,4392000000,1614000000,119252000,138571000,0.018831434,-0.017726778,0.190360867,-0.030523642,-0.031088083,1.084462151,-0.041520201,0,-0.592592593,-0.049390295
1060,12/31/2022,ROKU,863134000,502677000,220670000,4413000000,1766000000,106747000,140027000,0.01609594,0.698938861,0.08014407,-0.032253445,0.048128342,-0.406345566,,0,9,-0.048450002
1061,9/30/2019,U,130943000,26451000,64034000,,,,,0.012193754,-0.207234375,0.065028225,0.026201025,-0.047715736,-0.558080313,-0.053293437,0,0.210526316,-0.01826894
1062,12/31/2019,U,158071000,29995000,73096000,,,,,0.008113241,0.201320047,0.071595161,0.042229998,0.036247335,-0.29787234,0.294675905,0,0.956521739,0.050617102
1063,3/31/2020,U,166994000,31868000,81751000,,,,,-0.00776264,-0.473298921,0.00114732,-0.008722703,-0.00617284,-6.964646465,0.093161158,0.055555556,36.16666667,-0.076039177
1064,6/30/2020,U,184331000,40432000,85108000,,,,,-0.08827645,-1.422867035,-0.228725763,-0.040636545,-0.232919255,0.116215072,0.408043207,2.421052632,-0.002092676,-0.056562143
1065,9/30/2020,U,200177000,47540000,116648000,2606000000,545790000,0,270967000,0.087881073,2.738066762,0.054409797,0.132394626,0.021592443,-1.080504457,-0.077241253,-0.323076923,-0.999400839,0.300589008
1066,12/31/2020,U,220873000,52507000,120008000,2671000000,634082000,0,273537000,0.01602243,-0.32651474,-0.202209278,0.070687354,0.054161162,1.191990577,0.10929026,-0.227272727,6,-0.032118814
1067,3/31/2021,U,234750000,58734000,154015000,2650000000,633230000,0,279170000,0.028065066,-0.385739032,-0.113179196,0.087553805,0.005012531,2.10424503,0.066697113,-0.088235294,-1,0.123124408
1068,6/30/2021,U,273170000,57725000,154216000,2662000000,691949000,0,282177000,0.032853318,-1.32940312,0.573156417,0.082241037,0.067331671,0.567768738,0.025802752,-0.048387097,inf,0.092368624
1069,9/30/2021,U,286421000,63517000,178413000,2678000000,711175000,0,285711000,0.021846116,-3.817313812,-0.023703672,0.056897957,-0.126168224,-0.124654963,0.007609465,-0.13559322,0.105263158,0.001502477
1070,12/31/2021,U,315379000,73654000,209066000,4841000000,2447000000,0,292592000,0.033914512,-1.81668933,0.334000373,0.040808111,-0.065508021,-0.119828456,-0.038007781,-0.176470588,-0.571428571,-0.007293597
1071,3/31/2022,U,319015000,93833000,221040000,4947000000,2585000000,0,295847000,0.016072818,2.225308436,0.320530482,-0.030040568,-0.097281831,-0.419891086,-0.016508083,-0.095238095,0,0.043170155
1072,6/30/2022,U,295920000,96836000,215960000,4840000000,2558000000,0,298028000,0.020532989,1.868123875,0.177029959,-0.080242212,-0.082408875,-0.689970356,-0.220466654,-0.052631579,2,0.058072562
1073,9/30/2022,U,321746000,111903000,248380000,4727000000,2524000000,0,300588000,0.018831434,-0.017726778,0.190360867,-0.030523642,-0.031088083,1.084462151,-0.041520201,0,-0.592592593,-0.049390295
1074,12/31/2022,U,447160000,139928000,274111000,7834000000,4080000000,0,374243000,0.01609594,0.698938861,0.08014407,-0.032253445,0.048128342,-0.406345566,,0,9,-0.048450002
