,End,Name,totalRevenue,totalAssets,totalLiabilities,commonStockSharesOutstanding,GDP,Interest,Inflation,SP,Cons_Sent,Fin_Stress,Cash_On_Hand,Unemployment_Rate,Recession_Probability,Corporate_Profits,open,close,% delta,class
0,7/29/2018,NVDA,-0.026192703,0.12408377,0.091904889,0.001650165,0.010604734,0.019115256,-0.023339906,0.054185333,-0.002034588,2.483342744,-0.016460424,-0.025641026,0.142857143,0.007098353,56.20031502,62.45589066,0.111308551,1
1,10/28/2018,NVDA,0.018571886,0.060161466,0.023244434,0.003294893,0.006380298,0.090647421,-0.007862085,-0.052874088,0,-0.7646296,0.036295806,0,2.25,0.008926232,62.57728207,53.27395248,-0.148669442,0
2,1/27/2019,NVDA,-0.306821754,-0.026726221,-0.055475849,-0.004926108,0.009309453,-0.320395051,-0.026411499,0.008177315,-0.036697248,1.466942149,-0.114288788,0.026315789,1.884615385,-0.017532876,50.56464709,35.91128159,-0.289794676,0
3,4/28/2019,NVDA,0.006802721,0.05484502,0.092911392,0.001650165,0.012342928,-0.473676175,0.009081852,0.059290702,0.042328042,0.425181463,0.028232989,-0.076923077,-0.493333333,0.024997195,33.88161235,45.45634079,0.341622716,1
4,7/28/2019,NVDA,0.161711712,0.053776478,0.028260366,0.003294893,0.012193754,-0.207234375,0.065028225,0.026201025,-0.047715736,-0.558080313,-0.053293437,0,0.210526316,-0.01826894,44.31378706,40.08235168,-0.095488011,0
5,10/27/2019,NVDA,0.168670027,0.070050761,0.035368326,0.001642036,0.008113241,0.201320047,0.071595161,0.042229998,0.036247335,-0.29787234,0.294675905,0,0.956521739,0.050617102,43.46171147,50.42696762,0.160261893,1
6,1/26/2020,NVDA,0.030192435,0.095192916,0.11205396,0.003278689,-0.00776264,-0.473298921,0.00114732,-0.008722703,-0.00617284,-6.964646465,0.093161158,0.055555556,36.16666667,-0.076039177,51.35043073,58.89355087,0.146894973,1
7,4/26/2020,NVDA,-0.00805153,0.342997401,0.986891019,0.003267974,-0.08827645,-1.422867035,-0.228725763,-0.040636545,-0.232919255,0.116215072,0.408043207,2.421052632,-0.002092676,-0.056562143,59.34441618,70.48125458,0.18766447,1
8,7/26/2020,NVDA,0.255194805,0.08282446,0.109404234,0.003257329,0.087881073,2.738066762,0.054409797,0.132394626,0.021592443,-1.080504457,-0.077241253,-0.323076923,-0.999400839,0.300589008,73.52452327,105.8748322,0.439993453,1
9,10/25/2020,NVDA,0.222452147,0.067553614,0.024942304,0.003246753,0.01602243,-0.32651474,-0.202209278,0.070687354,0.054161162,1.191990577,0.10929026,-0.227272727,6,-0.032118814,102.0596607,125.0554428,0.225317054,1
10,1/31/2021,NVDA,0.058611934,0.071053904,0.030397506,0.003236246,0.028065066,-0.385739032,-0.113179196,0.087553805,0.005012531,2.10424503,0.066697113,-0.088235294,-1,0.123124408,126.2901474,135.6415253,0.074046773,1
11,5/2/2021,NVDA,0.131521087,0.069639818,0.01042192,0.001612903,0.032853318,-1.32940312,0.573156417,0.082241037,0.067331671,0.567768738,0.025802752,-0.048387097,10000000000,0.092368624,137.0013219,147.8809204,0.079412362,1
12,8/1/2021,NVDA,0.149443561,0.255033121,0.455914157,3.014492754,0.021846116,-3.817313812,-0.023703672,0.056897957,-0.126168224,-0.124654963,0.007609465,-0.13559322,0.105263158,0.001502477,151.0033221,203.3744202,0.346820834,1
13,10/31/2021,NVDA,0.091593668,0.051280724,-0.038222019,0.002406739,0.033914512,-1.81668933,0.334000373,0.040808111,-0.065508021,-0.119828456,-0.038007781,-0.176470588,-0.571428571,-0.007293597,196.7237555,297.1551819,0.510520075,1
14,1/3/2022,NVDA,0.076024215,0.087492617,0.044018059,0.00280112,0.016072818,2.225308436,0.320530482,-0.030040568,-0.097281831,-0.419891086,-0.016508083,-0.095238095,0,0.043170155,256.1754925,242.9215393,-0.051737787,0
15,5/1/2022,NVDA,0.084390946,0.023196868,0.074935989,0,0.020532989,1.868123875,0.177029959,-0.080242212,-0.082408875,-0.689970356,-0.220466654,-0.052631579,2,0.058072562,243.4509424,186.5756226,-0.233621276,0
16,7/31/2022,NVDA,-0.191119691,-0.038396886,0.038799492,-0.004389465,0.018831434,-0.017726778,0.190360867,-0.030523642,-0.031088083,1.084462151,-0.041520201,0,-0.592592593,-0.049390295,185.2368774,189.7528076,0.024379218,1
17,10/30/2022,NVDA,-0.115304296,-0.068727574,-0.024764331,-0.004809619,0.01609594,0.698938861,0.08014407,-0.032253445,0.048128342,-0.406345566,-0.016385809,0,9,-0.048450002,181.688646,141.4997559,-0.221196486,0
18,1/29/2023,NVDA,0.020232676,0.017140881,-0.003030461,-0.006846557,0.018812864,-0.007773642,0.007543269,0.038445263,0.098639456,0.224082421,-0.172013042,-0.027777778,-0.034090909,0.054164359,137.7213657,210.9641724,0.531818766,1
19,6/3/2018,TSLA,0.173951305,0.023431484,0.050670503,0.004512518,0.015614161,0.161903286,0.138620043,-0.011103063,-0.006066734,-0.446735395,-0.125672619,-0.025,-0.222222222,0.025792936,17.08399963,20.59333229,0.205416339,1
20,9/30/2018,TSLA,0.705147426,0.048477248,0.03382944,0.006228155,0.010604734,0.019115256,-0.023339906,0.054185333,-0.002034588,2.483342744,-0.016460424,-0.025641026,0.142857143,0.007098353,24.00466728,17.46333313,-0.272502596,0
21,12/31/2018,TSLA,0.05890973,0.016300448,0.000768935,0.005973959,0.006380298,0.090647421,-0.007862085,-0.052874088,0,-0.7646296,0.036295806,0,2.25,0.008926232,20.38466644,21.17933273,0.038983532,1
22,3/31/2019,TSLA,-0.371574869,-0.027807666,-0.023562556,0.00625134,0.009309453,-0.320395051,-0.026411499,0.008177315,-0.036697248,1.466942149,-0.114288788,0.026315789,1.884615385,-0.017532876,22.51933289,18.3306675,-0.186003085,0
23,6/30/2019,TSLA,0.398370403,0.102376094,0.080743169,0.03129858,0.012342928,-0.473676175,0.009081852,0.059290702,0.042328042,0.425181463,0.028232989,-0.076923077,-0.493333333,0.024997195,18.84133339,15.53999996,-0.175217611,0
24,9/30/2019,TSLA,-0.007401575,0.028927305,0.023905833,0.004924128,0.012193754,-0.207234375,0.065028225,0.026201025,-0.047715736,-0.558080313,-0.053293437,0,0.210526316,-0.01826894,15.34733295,16.52599907,0.07679941,1
25,12/31/2019,TSLA,0.171505632,0.046165574,0.035001778,0.005555556,0.008113241,0.201320047,0.071595161,0.042229998,0.036247335,-0.29787234,0.294675905,0,0.956521739,0.050617102,15.31999969,31.87666702,1.080722432,1
26,3/31/2020,TSLA,-0.189463705,0.085720948,0.012176037,0.022099448,-0.00776264,-0.473298921,0.00114732,-0.008722703,-0.00617284,-6.964646465,0.093161158,0.055555556,36.16666667,-0.076039177,29.36466789,38.20000076,0.300883119,1
27,6/30/2020,TSLA,0.008521303,0.023758389,0.008899615,0.005405405,-0.08827645,-1.422867035,-0.228725763,-0.040636545,-0.232919255,0.116215072,0.408043207,2.421052632,-0.002092676,-0.056562143,34.08000183,102.9766693,2.021615721,1
28,9/30/2020,TSLA,0.453114645,0.198138193,0.05191747,4.096774194,0.087881073,2.738066762,0.054409797,0.132394626,0.021592443,-1.080504457,-0.077241253,-0.323076923,-0.999400839,0.300589008,85.11266327,144.6666718,0.699707966,1
29,12/31/2020,TSLA,0.224945844,0.141318859,0.009771524,0.012658228,0.01602243,-0.32651474,-0.202209278,0.070687354,0.054161162,1.191990577,0.10929026,-0.227272727,6,-0.032118814,141.1166687,293.3399963,1.078705507,1
30,3/31/2021,TSLA,-0.033041698,0.015801181,0.003131818,0.003125,0.028065066,-0.385739032,-0.113179196,0.087553805,0.005012531,2.10424503,0.066697113,-0.088235294,-1,0.123124408,239.8200073,225.6733398,-0.058988688,0
31,6/30/2021,TSLA,0.151025123,0.04104055,0.013645771,0.021806854,0.032853318,-1.32940312,0.573156417,0.082241037,0.067331671,0.567768738,0.025802752,-0.048387097,10000000000,0.092368624,235.9033356,218.9833374,-0.071724285,0
32,9/30/2021,TSLA,0.150443218,0.048743336,0.015365449,0.020325203,0.021846116,-3.817313812,-0.023703672,0.056897957,-0.126168224,-0.124654963,0.007609465,-0.13559322,0.105263158,0.001502477,227.2366638,261.8299866,0.152234777,1
33,12/31/2021,TSLA,0.287998837,0.074298855,0.041172461,0.028884462,0.033914512,-1.81668933,0.334000373,0.040808111,-0.065508021,-0.119828456,-0.038007781,-0.176470588,-0.571428571,-0.007293597,265.5,342.3200073,0.289340894,1
34,3/31/2022,TSLA,0.058524747,0.062883263,0.002749771,0.002904163,0.016072818,2.225308436,0.320530482,-0.030040568,-0.097281831,-0.419891086,-0.016508083,-0.095238095,0,0.043170155,382.5833435,341.8299866,-0.106521514,0
35,6/30/2022,TSLA,-0.097142248,0.037478422,0.007279969,0.004826255,0.020532989,1.868123875,0.177029959,-0.080242212,-0.082408875,-0.689970356,-0.220466654,-0.052631579,2,0.058072562,363.1266785,250.7633362,-0.309432903,0
36,9/30/2022,TSLA,0.266918625,0.086304789,0.079306433,2.033621518,0.018831434,-0.017726778,0.190360867,-0.030523642,-0.031088083,1.084462151,-0.041520201,0,-0.592592593,-0.049390295,223,223.0700073,0.000313934,1
37,12/31/2022,TSLA,0.133494919,0.106306936,0.094228575,0.001899937,0.01609594,0.698938861,0.08014407,-0.032253445,0.048128342,-0.406345566,-0.016385809,0,9,-0.048450002,254.5,113.0599976,-0.555756395,0
38,6/30/2018,META,0.105716196,0.015132947,-0.036732892,-0.003785272,0.015614161,0.161903286,0.138620043,-0.011103063,-0.006066734,-0.446735395,-0.125672619,-0.025,-0.222222222,0.025792936,157.8099976,203.2299957,0.287814453,1
39,9/30/2018,META,0.037487718,0.023933725,0.110092584,-0.003454231,0.010604734,0.019115256,-0.023339906,0.054185333,-0.002034588,2.483342744,-0.016460424,-0.025641026,0.142857143,0.007098353,193.3699951,157.3300018,-0.186378415,0
40,12/31/2018,META,0.215997669,0.05280578,0.090586292,-0.003466205,0.006380298,0.090647421,-0.007862085,-0.052874088,0,-0.7646296,0.036295806,0,2.25,0.008926232,163.0299988,137.9499969,-0.15383673,0
41,3/31/2019,META,-0.096752936,0.124755995,0.73854774,-0.006608696,0.009309453,-0.320395051,-0.026411499,0.008177315,-0.036697248,1.466942149,-0.114288788,0.026315789,1.884615385,-0.017532876,134.4499969,175.7200012,0.306954297,1
42,6/30/2019,META,0.119785103,0.068772436,0.230085798,-0.00035014,0.012342928,-0.473676175,0.009081852,0.059290702,0.042328042,0.425181463,0.028232989,-0.076923077,-0.493333333,0.024997195,167.8300018,196.3999939,0.170231733,1
43,9/30/2019,META,0.045311852,0.063347179,0.077007506,-0.000350263,0.012193754,-0.207234375,0.065028225,0.026201025,-0.047715736,-0.558080313,-0.053293437,0,0.210526316,-0.01826894,195.2100067,184.1900024,-0.056452046,0
44,12/31/2019,META,0.188009973,0.071999228,0.062559584,-0.001051156,0.008113241,0.201320047,0.071595161,0.042229998,0.036247335,-0.29787234,0.294675905,0,0.956521739,0.050617102,180,218.0599976,0.211444431,1
45,3/31/2020,META,-0.154154345,0.037450516,0.023049316,0,-0.00776264,-0.473298921,0.00114732,-0.008722703,-0.00617284,-6.964646465,0.093161158,0.055555556,36.16666667,-0.076039177,206.6999969,175.1900024,-0.15244313,0
46,6/30/2020,META,0.053513026,0.009539571,-0.115613754,-0.000350754,-0.08827645,-1.422867035,-0.228725763,-0.040636545,-0.232919255,0.116215072,0.408043207,2.421052632,-0.002092676,-0.056562143,160.1499939,245.0700073,0.530252992,1
47,9/30/2020,META,0.148958947,0.048292302,-0.018396936,0,0.087881073,2.738066762,0.054409797,0.132394626,0.021592443,-1.080504457,-0.077241253,-0.323076923,-0.999400839,0.300589008,233.7599945,264.4500122,0.13128858,1
48,12/31/2020,META,0.301593217,0.087949084,0.080819341,0.001403509,0.01602243,-0.32651474,-0.202209278,0.070687354,0.054161162,1.191990577,0.10929026,-0.227272727,6,-0.032118814,262.2000122,267.5700073,0.02048053,1
49,3/31/2021,META,-0.063457409,0.026406638,-0.037387997,-0.002452698,0.028065066,-0.385739032,-0.113179196,0.087553805,0.005012531,2.10424503,0.066697113,-0.088235294,-1,0.123124408,274.7799988,312.4599915,0.137127858,1
50,6/30/2021,META,0.11105591,0.043333354,0.084242952,-0.00456621,0.032853318,-1.32940312,0.573156417,0.082241037,0.067331671,0.567768738,0.025802752,-0.048387097,10000000000,0.092368624,300.8900146,350.4200134,0.16461164,1
51,9/30/2021,META,-0.002304544,-0.006002028,0.118677043,-0.007057163,0.021846116,-3.817313812,-0.023703672,0.056897957,-0.126168224,-0.124654963,0.007609465,-0.13559322,0.105263158,0.001502477,356.5,330.0499878,-0.074193583,0
52,12/31/2021,META,0.155864304,-0.021216499,0.134796411,-0.017768301,0.033914512,-1.81668933,0.334000373,0.040808111,-0.065508021,-0.119828456,-0.038007781,-0.176470588,-0.571428571,-0.007293597,335.5299988,331.7900085,-0.011146515,0
53,3/31/2022,META,-0.167715573,-0.010657461,-0.002870487,-0.014109986,0.016072818,2.225308436,0.320530482,-0.030040568,-0.097281831,-0.419891086,-0.016508083,-0.095238095,0,0.043170155,338.2999878,222.3300018,-0.342802217,0
54,6/30/2022,META,0.032755161,0.033863523,0.073725299,-0.007706422,0.020532989,1.868123875,0.177029959,-0.080242212,-0.082408875,-0.689970356,-0.220466654,-0.052631579,2,0.058072562,225.9799957,170.8800049,-0.243826851,0
55,9/30/2022,META,-0.038448192,0.053687441,0.245114969,-0.008136095,0.018831434,-0.017726778,0.190360867,-0.030523642,-0.031088083,1.084462151,-0.041520201,0,-0.592592593,-0.049390295,158.1399994,133.4499969,-0.156127498,0
56,12/31/2022,META,0.151930711,0.038195803,0.095145985,-0.016032811,0.01609594,0.698938861,0.08014407,-0.032253445,0.048128342,-0.406345566,-0.016385809,0,9,-0.048450002,137.1399994,130.0200043,-0.051917713,0
57,9/30/2018,NFLX,0.023547479,0.030974232,0.010458524,0.001439863,0.010604734,0.019115256,-0.023339906,0.054185333,-0.002034588,2.483342744,-0.016460424,-0.025641026,0.142857143,0.007098353,385.4500122,351.3500061,-0.088468037,0
58,12/31/2018,NFLX,0.047011753,0.111615167,0.129596339,0.001178669,0.006380298,0.090647421,-0.007862085,-0.052874088,0,-0.7646296,0.036295806,0,2.25,0.008926232,375.8500061,297.5700073,-0.208274571,0
59,3/31/2019,NFLX,0.079770719,0.047932548,0.037615741,0.001358226,0.009309453,-0.320395051,-0.026411499,0.008177315,-0.036697248,1.466942149,-0.114288788,0.026315789,1.884615385,-0.017532876,260.1600037,365.4899902,0.404866179,1
60,6/30/2019,NFLX,0.088918381,0.108453654,0.118516453,0.00147075,0.012342928,-0.473676175,0.009081852,0.059290702,0.042328042,0.425181463,0.028232989,-0.076923077,-0.493333333,0.024997195,359,380.5499878,0.060027821,1
61,9/30/2019,NFLX,0.065407272,0.02555434,0.000581734,0.00095013,0.012193754,-0.207234375,0.065028225,0.026201025,-0.047715736,-0.558080313,-0.053293437,0,0.210526316,-0.01826894,373.5,282.9299927,-0.242489979,0
62,12/31/2019,NFLX,0.042326025,0.098054424,0.096096346,0.001268679,0.008113241,0.201320047,0.071595161,0.042229998,0.036247335,-0.29787234,0.294675905,0,0.956521739,0.050617102,271.9899902,329.0499878,0.209787123,1
63,3/31/2020,NFLX,0.055057618,0.031904874,0.009737061,0.002219655,-0.00776264,-0.473298921,0.00114732,-0.008722703,-0.00617284,-6.964646465,0.093161158,0.055555556,36.16666667,-0.076039177,323.1199951,370.7200012,0.147313713,1
64,6/30/2020,NFLX,0.065880721,0.060325157,0.044651233,0.002805942,-0.08827645,-1.422867035,-0.228725763,-0.040636545,-0.232919255,0.116215072,0.408043207,2.421052632,-0.002092676,-0.056562143,365.2200012,548.7299805,0.50246421,1
65,9/30/2020,NFLX,0.046844502,0.038950908,0.016091376,0.001768647,0.087881073,2.738066762,0.054409797,0.132394626,0.021592443,-1.080504457,-0.077241253,-0.323076923,-0.999400839,0.300589008,480.769989,539.4400024,0.122033435,1
66,12/31/2020,NFLX,0.03231821,0.01701059,-0.002615858,0.002489843,0.01602243,-0.32651474,-0.202209278,0.070687354,0.054161162,1.191990577,0.10929026,-0.227272727,6,-0.032118814,506.7999878,510.3999939,0.007103406,1
67,3/31/2021,NFLX,0.078115593,0.021461303,-0.034591529,0.001104099,0.028065066,-0.385739032,-0.113179196,0.087553805,0.005012531,2.10424503,0.066697113,-0.088235294,-1,0.123124408,539,555.3099976,0.030259736,1
68,6/30/2021,NFLX,0.02498953,0.02113501,-0.004845993,-0.00177724,0.032853318,-1.32940312,0.573156417,0.082241037,0.067331671,0.567768738,0.025802752,-0.048387097,10000000000,0.092368624,540.0100098,535.9799805,-0.007462879,0
69,9/30/2021,NFLX,0.019204576,0.043176881,0.011731287,0.000804345,0.021846116,-3.817313812,-0.023703672,0.056897957,-0.126168224,-0.124654963,0.007609465,-0.13559322,0.105263158,0.001502477,533,632.6599731,0.186979312,1
70,12/31/2021,NFLX,0.030201791,0.043167993,0.047766636,0.002282414,0.033914512,-1.81668933,0.334000373,0.040808111,-0.065508021,-0.119828456,-0.038007781,-0.176470588,-0.571428571,-0.007293597,613.3900146,541.0599976,-0.117918478,0
71,3/31/2022,NFLX,0.020625243,0.016732085,-0.032991126,0.000700509,0.016072818,2.225308436,0.320530482,-0.030040568,-0.097281831,-0.419891086,-0.016508083,-0.095238095,0,0.043170155,605.6099854,355.8800049,-0.412361068,0
72,6/30/2022,NFLX,0.012963904,0.022501158,-0.018425883,0.000972373,0.020532989,1.868123875,0.177029959,-0.080242212,-0.082408875,-0.689970356,-0.220466654,-0.052631579,2,0.058072562,373.5499878,186.9799957,-0.499451206,0
73,9/30/2022,NFLX,-0.005520703,0.026126729,-0.00883593,0.000706084,0.018831434,-0.017726778,0.190360867,-0.030523642,-0.031088083,1.084462151,-0.041520201,0,-0.592592593,-0.049390295,176.2799988,224.75,0.274960299,1
74,12/31/2022,NFLX,-0.009336361,0.021719019,0.028963527,0.000734798,0.01609594,0.698938861,0.08014407,-0.032253445,0.048128342,-0.406345566,-0.016385809,0,9,-0.048450002,237.8500061,315.5499878,0.326676391,1
75,3/31/2023,NFLX,0.039480387,0.018417533,-0.005572132,-0.001818806,0.018812864,-0.007773642,0.007543269,0.038445263,0.098639456,0.224082421,-0.172013042,-0.027777778,-0.034090909,0.054164359,298.0599976,339.3299866,0.138462019,1
76,7/31/2018,CRM,-0.452427184,0.124548186,0.032932874,0.024691358,0.010604734,0.019115256,-0.023339906,0.054185333,-0.002034588,2.483342744,-0.016460424,-0.025641026,0.142857143,0.007098353,125.7900009,145.5099945,0.156769166,1
77,10/31/2018,CRM,-0.008274232,0.029624753,-0.03253355,0.017402945,0.006380298,0.090647421,-0.007862085,-0.052874088,0,-0.7646296,0.036295806,0,2.25,0.008926232,140.8899994,136.9199982,-0.02817802,0
78,1/31/2019,CRM,0.073599523,0.156047841,0.272131148,0.013157895,0.009309453,-0.320395051,-0.026411499,0.008177315,-0.036697248,1.466942149,-0.114288788,0.026315789,1.884615385,-0.017532876,137.3399963,156.6699982,0.140745612,1
79,4/30/2019,CRM,0.100194283,0.07863487,0.104150145,0.001298701,0.012342928,-0.473676175,0.009081852,0.059290702,0.042328042,0.425181463,0.028232989,-0.076923077,-0.493333333,0.024997195,156.0200043,159.9400024,0.025124972,1
80,7/31/2019,CRM,0.016397578,0.005489534,-0.032200144,0.006485084,0.012193754,-0.207234375,0.065028225,0.026201025,-0.047715736,-0.558080313,-0.053293437,0,0.210526316,-0.01826894,158.6199951,143.3699951,-0.096141725,0
81,10/31/2019,CRM,0.147927525,0.498140149,0.030488559,0.132731959,0.008113241,0.201320047,0.071595161,0.042229998,0.036247335,-0.29787234,0.294675905,0,0.956521739,0.050617102,141.3399963,161.1100006,0.139875511,1
82,1/31/2020,CRM,0.048864865,0.103800408,0.274740443,0.01592719,-0.00776264,-0.473298921,0.00114732,-0.008722703,-0.00617284,-6.964646465,0.093161158,0.055555556,36.16666667,-0.076039177,160.9400024,185.7200012,0.153970414,1
83,4/30/2020,CRM,0.071737786,-0.027264812,-0.102772939,0.003359462,-0.08827645,-1.422867035,-0.228725763,-0.040636545,-0.232919255,0.116215072,0.408043207,2.421052632,-0.002092676,-0.056562143,183.2599945,175.8999939,-0.040161524,0
84,7/31/2020,CRM,0.018272745,0.077522705,0.014796936,0.008928571,0.087881073,2.738066762,0.054409797,0.132394626,0.021592443,-1.080504457,-0.077241253,-0.323076923,-0.999400839,0.300589008,155.5800018,201.0500031,0.292261221,1
85,10/31/2020,CRM,0.022289384,0.023468328,-0.026577042,0.007743363,0.01602243,-0.32651474,-0.202209278,0.070687354,0.054161162,1.191990577,0.10929026,-0.227272727,6,-0.032118814,197.8000031,260.1499939,0.31521734,1
86,1/31/2021,CRM,0.131189948,0.121161391,0.317752045,0.008781559,0.028065066,-0.385739032,-0.113179196,0.087553805,0.005012531,2.10424503,0.066697113,-0.088235294,-1,0.123124408,235.1199951,238.8899994,0.016034384,1
87,4/30/2021,CRM,0.040346292,-0.021357144,-0.100370848,0.002176279,0.032853318,-1.32940312,0.573156417,0.082241037,0.067331671,0.567768738,0.025802752,-0.048387097,10000000000,0.092368624,227.2100067,216.5,-0.047137038,0
88,7/31/2021,CRM,0.112419532,0.366386684,0.484810467,0.013029316,0.021846116,-3.817313812,-0.023703672,0.056897957,-0.126168224,-0.124654963,0.007609465,-0.13559322,0.105263158,0.001502477,230.7700043,250.5899963,0.085886344,1
89,10/31/2021,CRM,0.044883557,-0.013783302,-0.083167361,0.050375134,0.033914512,-1.81668933,0.334000373,0.040808111,-0.065508021,-0.119828456,-0.038007781,-0.176470588,-0.571428571,-0.007293597,242.3099976,307.25,0.26800381,1
90,1/31/2022,CRM,-0.017695529,0.088899309,0.220393654,0.009183673,0.016072818,2.225308436,0.320530482,-0.030040568,-0.097281831,-0.419891086,-0.016508083,-0.095238095,0,0.043170155,301.5,219.2299957,-0.272869003,0
91,4/30/2022,CRM,0.030253025,-0.022970517,-0.079076541,0.002022245,0.020532989,1.868123875,0.177029959,-0.080242212,-0.082408875,-0.689970356,-0.220466654,-0.052631579,2,0.058072562,222.9499969,169.6999969,-0.238842793,0
92,7/31/2022,CRM,0.04631607,0.012104663,-0.002811457,0.00605449,0.018831434,-0.017726778,0.190360867,-0.030523642,-0.031088083,1.084462151,-0.041520201,0,-0.592592593,-0.049390295,175.0899963,190.1699982,0.086127147,1
93,10/31/2022,CRM,-0.006761066,-0.024047245,-0.044552129,0,0.01609594,0.698938861,0.08014407,-0.032253445,0.048128342,-0.406345566,-0.016385809,0,9,-0.048450002,181.3000031,157.7299957,-0.130005554,0
94,1/31/2023,CRM,0.039815053,0.075802098,0.244582424,0.012036108,0.018812864,-0.007773642,0.007543269,0.038445263,0.098639456,0.224082421,-0.172013042,-0.027777778,-0.034090909,0.054164359,140.6199951,167.0299988,0.187811155,1
95,6/30/2018,AMD,0.068111455,0.090353441,0.057742782,0.00619195,0.015614161,0.161903286,0.138620043,-0.011103063,-0.006066734,-0.446735395,-0.125672619,-0.025,-0.222222222,0.025792936,9.989999771,16.36000061,0.637637736,1
96,9/30/2018,AMD,-0.059130435,0.059468681,-0.000620347,0.024615385,0.010604734,0.019115256,-0.023339906,0.054185333,-0.002034588,2.483342744,-0.016460424,-0.025641026,0.142857143,0.007098353,14.80000019,27.35000038,0.847972975,1
97,12/31/2018,AMD,-0.143561306,0.048079135,0.021104904,0.006006006,0.006380298,0.090647421,-0.007862085,-0.052874088,0,-0.7646296,0.036295806,0,2.25,0.008926232,30.69000053,19,-0.380905843,0
98,3/31/2019,AMD,-0.071223022,0.082309043,-0.044680851,0.076616915,0.009309453,-0.320395051,-0.026411499,0.008177315,-0.036697248,1.466942149,-0.114288788,0.026315789,1.884615385,-0.017532876,18.14999962,28.97999954,0.596694223,1
99,6/30/2019,AMD,0.166537568,0.034678564,0.018453707,0.003696858,0.012342928,-0.473676175,0.009081852,0.059290702,0.042328042,0.425181463,0.028232989,-0.076923077,-0.493333333,0.024997195,26.42000008,31.5,0.192278573,1
100,9/30/2019,AMD,0.153386454,0.029596237,-0.038737894,0.025782689,0.012193754,-0.207234375,0.065028225,0.026201025,-0.047715736,-0.558080313,-0.053293437,0,0.210526316,-0.01826894,31.79000092,29.75,-0.06417115,0
101,12/31/2019,AMD,0.214162349,0.147534742,0.040298993,0.0502693,0.008113241,0.201320047,0.071595161,0.042229998,0.036247335,-0.29787234,0.294675905,0,0.956521739,0.050617102,28.89999962,48.16999817,0.666781966,1
102,3/31/2020,AMD,-0.167852063,-0.02720637,-0.116838488,0.000854701,-0.00776264,-0.473298921,0.00114732,-0.008722703,-0.00617284,-6.964646465,0.093161158,0.055555556,36.16666667,-0.076039177,48.02000046,48.38000107,0.007496889,1
103,6/30/2020,AMD,0.092877493,0.122612551,0.159533074,0.002561913,-0.08827645,-1.422867035,-0.228725763,-0.040636545,-0.232919255,0.116215072,0.408043207,2.421052632,-0.002092676,-0.056562143,44.29999924,55.88000107,0.261399594,1
104,9/30/2020,AMD,0.45464025,0.066838827,-0.037217816,0.023850085,0.087881073,2.738066762,0.054409797,0.132394626,0.021592443,-1.080504457,-0.077241253,-0.323076923,-0.999400839,0.300589008,52.90000153,83.09999847,0.570888395,1
105,12/31/2020,AMD,0.159498208,0.276092838,-0.00982256,0.007487521,0.01602243,-0.32651474,-0.202209278,0.070687354,0.054161162,1.191990577,0.10929026,-0.227272727,6,-0.032118814,82.55000305,94.58000183,0.145729841,1
106,3/31/2021,AMD,0.057805255,0.121066726,0.1424,0.003303055,0.028065066,-0.385739032,-0.113179196,0.087553805,0.005012531,2.10424503,0.066697113,-0.088235294,-1,0.123124408,92.11000061,82.76000214,-0.101509048,0
107,6/30/2021,AMD,0.122150789,0.064098736,0.015686275,-0.001646091,0.032853318,-1.32940312,0.573156417,0.082241037,0.067331671,0.567768738,0.025802752,-0.048387097,10000000000,0.092368624,81.73999786,90.90000153,0.112062685,1
108,9/30/2021,AMD,0.121354167,0.043213918,0.107832322,-0.000824402,0.021846116,-3.817313812,-0.023703672,0.056897957,-0.126168224,-0.124654963,0.007609465,-0.13559322,0.105263158,0.001502477,94.87999725,105.0599976,0.10729343,1
109,12/31/2021,AMD,0.125174176,0.11351206,0.225292507,-0.004125413,0.033914512,-1.81668933,0.334000373,0.040808111,-0.065508021,-0.119828456,-0.038007781,-0.176470588,-0.571428571,-0.007293597,101.7399979,132,0.297424836,1
110,3/31/2022,AMD,0.209287926,4.388114985,1.353108492,0.342170671,0.016072818,2.225308436,0.320530482,-0.030040568,-0.097281831,-0.419891086,-0.016508083,-0.095238095,0,0.043170155,145.1399994,101,-0.304120157,0
111,6/30/2022,AMD,0.113671275,0.008772323,0.064841996,-0.004938272,0.020532989,1.868123875,0.177029959,-0.080242212,-0.082408875,-0.689970356,-0.220466654,-0.052631579,2,0.058072562,109.9700012,79.34999847,-0.278439596,0
112,9/30/2022,AMD,-0.151877395,0.004577642,0.075893943,0,0.018831434,-0.017726778,0.190360867,-0.030523642,-0.031088083,1.084462151,-0.041520201,0,-0.592592593,-0.049390295,71.98000336,58.43999863,-0.188107865,0
114,6/30/2018,INTC,0.002098573,-0.020404989,-0.042888193,-0.010515021,0.015614161,0.161903286,0.138620043,-0.011103063,-0.006066734,-0.446735395,-0.125672619,-0.025,-0.222222222,0.025792936,44.57841193,44.55814362,-0.000454667,0
115,9/30/2018,INTC,0.12660803,0.018019877,0.01491283,-0.010193017,0.010604734,0.019115256,-0.023339906,0.054185333,-0.002034588,2.483342744,-0.016460424,-0.025641026,0.142857143,0.007098353,42.53711211,41.04172134,-0.035154967,0
116,12/31/2018,INTC,-0.017738595,-0.002175574,-0.059180042,-0.01051709,0.006380298,0.090647421,-0.007862085,-0.052874088,0,-0.7646296,0.036295806,0,2.25,0.008926232,40.83228214,41.4668541,0.015540938,1
117,3/31/2019,INTC,-0.149337659,0.011683065,0.04488764,-0.008635961,0.009309453,-0.320395051,-0.026411499,0.008177315,-0.036697248,1.466942149,-0.114288788,0.026315789,1.884615385,-0.017532876,41.35269198,49.13536453,0.18820232,1
118,6/30/2019,INTC,0.038390644,0.010049591,0.000268832,-0.010498101,0.012342928,-0.473676175,0.009081852,0.059290702,0.042328042,0.425181463,0.028232989,-0.076923077,-0.493333333,0.024997195,48.02186672,42.74992752,-0.109782055,0
119,9/30/2019,INTC,0.164779335,0.0230118,0.066544829,-0.018058691,0.012193754,-0.207234375,0.065028225,0.026201025,-0.047715736,-0.558080313,-0.053293437,0,0.210526316,-0.01826894,43.82578799,46.62810135,0.06394211,1
120,12/31/2019,INTC,0.050922277,0.020602835,-0.008500487,-0.013793103,0.008113241,0.201320047,0.071595161,0.042229998,0.036247335,-0.29787234,0.294675905,0,0.956521739,0.050617102,45.38385039,53.05020523,0.16892253,1
121,3/31/2020,INTC,-0.01560156,0.081934312,0.209013894,-0.013053613,-0.00776264,-0.473298921,0.00114732,-0.008722703,-0.00617284,-6.964646465,0.093161158,0.055555556,36.16666667,-0.076039177,53.63525299,51.68335342,-0.036392101,0
122,6/30/2020,INTC,-0.010108707,0.032692438,-0.011589775,0.004487482,-0.08827645,-1.422867035,-0.228725763,-0.040636545,-0.232919255,0.116215072,0.408043207,2.421052632,-0.002092676,-0.056562143,51.22205794,54.14927673,0.057147622,1
123,9/30/2020,INTC,-0.068045364,-0.047712388,0.002523785,-0.036444862,0.087881073,2.738066762,0.054409797,0.132394626,0.021592443,-1.080504457,-0.077241253,-0.323076923,-0.999400839,0.300589008,53.41249221,48.37207413,-0.094367776,0
124,12/31/2020,INTC,0.082704697,0.053902975,0.018541304,-0.008784773,0.01602243,-0.32651474,-0.202209278,0.070687354,0.054161162,1.191990577,0.10929026,-0.227272727,6,-0.032118814,46.98007157,47.64464188,0.014145792,1
125,3/31/2021,INTC,-0.013477089,-0.016127663,-0.016704157,-0.005908419,0.028065066,-0.385739032,-0.113179196,0.087553805,0.005012531,2.10424503,0.066697113,-0.088235294,-1,0.123124408,46.02112457,63.34878159,0.376515289,1
126,6/30/2021,INTC,0.004021033,0.026390567,-0.020122855,0.0047053,0.032853318,-1.32940312,0.573156417,0.082241037,0.067331671,0.567768738,0.025802752,-0.048387097,10000000000,0.092368624,60.27692707,52.28162003,-0.132642911,0
127,9/30/2021,INTC,-0.024337646,0.086450578,0.122279867,0.002464876,0.021846116,-3.817313812,-0.023703672,0.056897957,-0.126168224,-0.124654963,0.007609465,-0.13559322,0.105263158,0.001502477,53.15002013,50.57252502,-0.048494715,0
128,12/31/2021,INTC,0.069571624,0.002643455,-0.062407705,0.000737644,0.033914512,-1.81668933,0.334000373,0.040808111,-0.065508021,-0.119828456,-0.038007781,-0.176470588,-0.571428571,-0.007293597,50.68530423,50.57405472,-0.002194907,0
129,3/31/2022,INTC,-0.096978941,0.047207344,0.002807642,0.004668305,0.016072818,2.225308436,0.320530482,-0.030040568,-0.097281831,-0.419891086,-0.016508083,-0.095238095,0,0.043170155,48.88005371,44.83732986,-0.082707026,0
130,6/30/2022,INTC,-0.165204599,-0.03367053,-0.054903032,0.004157496,0.020532989,1.868123875,0.177029959,-0.080242212,-0.082408875,-0.689970356,-0.220466654,-0.052631579,2,0.058072562,45.93394463,36.51286697,-0.205100558,0
131,9/30/2022,INTC,0.001109588,0.025953831,0.083179191,0.005114467,0.018831434,-0.017726778,0.190360867,-0.030523642,-0.031088083,1.084462151,-0.041520201,0,-0.592592593,-0.049390295,34.53296298,24.96950531,-0.276937072,0
133,6/30/2018,PYPL,-0.477016949,-0.015240301,-0.036956757,0.000845309,0.015614161,0.161903286,0.138620043,-0.011103063,-0.006066734,-0.446735395,-0.125672619,-0.025,-0.222222222,0.025792936,75.23000336,85.94000244,0.1423634,1
134,9/30/2018,PYPL,-0.050816697,0.049115819,0.073186286,-0.005067568,0.010604734,0.019115256,-0.023339906,0.054185333,-0.002034588,2.483342744,-0.016460424,-0.025641026,0.142857143,0.007098353,82.75,83.18000031,0.005196378,1
135,12/31/2018,PYPL,0.169898935,-0.008965328,-0.023174525,-0.003395586,0.006380298,0.090647421,-0.007862085,-0.052874088,0,-0.7646296,0.036295806,0,2.25,0.008926232,88.12999725,86.26999664,-0.021105193,0
136,3/31/2019,PYPL,-0.036189587,0.068032863,0.113683533,-0.001703578,0.009309453,-0.320395051,-0.026411499,0.008177315,-0.036697248,1.466942149,-0.114288788,0.026315789,1.884615385,-0.017532876,84.23999786,105.7300034,0.255104535,1
137,6/30/2019,PYPL,0.042877907,0.045613656,0.036275423,0.004266212,0.012342928,-0.473676175,0.009081852,0.059290702,0.042328042,0.425181463,0.028232989,-0.076923077,-0.493333333,0.024997195,104.9899979,117.1600037,0.115915859,1
138,9/30/2019,PYPL,0.016957027,0.037858279,0.046136674,-0.002548853,0.012193754,-0.207234375,0.065028225,0.026201025,-0.047715736,-0.558080313,-0.053293437,0,0.210526316,-0.01826894,116.7200012,101.5800018,-0.129712125,0
139,12/31/2019,PYPL,0.133165829,0.022101428,0.019679905,-0.000851789,0.008113241,0.201320047,0.071595161,0.042229998,0.036247335,-0.29787234,0.294675905,0,0.956521739,0.050617102,102.1100006,112.9300003,0.105964153,1
140,3/31/2020,PYPL,-0.069139286,0.057136735,0.111934659,0,-0.00776264,-0.473298921,0.00114732,-0.008722703,-0.00617284,-6.964646465,0.093161158,0.055555556,36.16666667,-0.076039177,107.5699997,105.8399963,-0.016082582,0
141,6/30/2020,PYPL,0.139237765,0.164006929,0.188916482,0,-0.08827645,-1.422867035,-0.228725763,-0.040636545,-0.232919255,0.116215072,0.408043207,2.421052632,-0.002092676,-0.056562143,97.80000305,178.3999939,0.82413076,1
142,9/30/2020,PYPL,0.037635431,0.038248425,0.034585111,-0.000852515,0.087881073,2.738066762,0.054409797,0.132394626,0.021592443,-1.080504457,-0.077241253,-0.323076923,-0.999400839,0.300589008,180.2899933,197.2700043,0.094181661,1
143,12/31/2020,PYPL,0.120351713,0.07314507,0.069301881,0,0.01602243,-0.32651474,-0.202209278,0.070687354,0.054161162,1.191990577,0.10929026,-0.227272727,6,-0.032118814,193.5500031,242.4600067,0.252699576,1
144,3/31/2021,PYPL,-0.013570961,0.03037838,0.054853327,0.001706485,0.028065066,-0.385739032,-0.113179196,0.087553805,0.005012531,2.10424503,0.066697113,-0.088235294,-1,0.123124408,237.8000031,266.769989,0.121825002,1
145,6/30/2021,PYPL,0.033979778,0.017913041,-0.00310875,0.000851789,0.032853318,-1.32940312,0.573156417,0.082241037,0.067331671,0.567768738,0.025802752,-0.048387097,10000000000,0.092368624,250.5099945,300.2099915,0.198395266,1
146,9/30/2021,PYPL,-0.008977236,0.009726888,-0.008826142,-0.000851064,0.021846116,-3.817313812,-0.023703672,0.056897957,-0.126168224,-0.124654963,0.007609465,-0.13559322,0.105263158,0.001502477,290.0350037,260.0599976,-0.103349615,0
147,12/31/2021,PYPL,0.119055322,0.017025787,0.031118908,-0.005110733,0.033914512,-1.81668933,0.334000373,0.040808111,-0.065508021,-0.119828456,-0.038007781,-0.176470588,-0.571428571,-0.007293597,261.8380127,187.6000061,-0.283526467,0
148,3/31/2022,PYPL,-0.062879445,2.64E-05,0.020822546,-0.005993151,0.016072818,2.225308436,0.320530482,-0.030040568,-0.097281831,-0.419891086,-0.016508083,-0.095238095,0,0.043170155,191.4100037,111.2099991,-0.418995889,0
149,6/30/2022,PYPL,0.049822613,0.026449443,0.051465527,-0.004306632,0.020532989,1.868123875,0.177029959,-0.080242212,-0.082408875,-0.689970356,-0.220466654,-0.052631579,2,0.058072562,117.0599976,73.43000031,-0.372714831,0
150,9/30/2022,PYPL,0.005877167,-0.01767125,-0.032251951,-0.007785467,0.018831434,-0.017726778,0.190360867,-0.030523642,-0.031088083,1.084462151,-0.041520201,0,-0.592592593,-0.049390295,70.18000031,90.16999817,0.284838954,1
151,12/31/2022,PYPL,0.078439965,0.029855433,0.040447918,-0.009590235,0.01609594,0.698938861,0.08014407,-0.032253445,0.048128342,-0.406345566,-0.016385809,0,9,-0.048450002,87.52999878,76.48000336,-0.126242381,0
152,6/30/2018,ATVI,-0.164885496,-0.023862586,-0.112613663,0.002635046,0.015614161,0.161903286,0.138620043,-0.011103063,-0.006066734,-0.446735395,-0.125672619,-0.025,-0.222222222,0.025792936,65.13032427,75.26062012,0.155538852,1
153,9/30/2018,ATVI,-0.122486289,-0.069328433,-0.204676826,0.002628121,0.010604734,0.019115256,-0.023339906,0.054185333,-0.002034588,2.483342744,-0.016460424,-0.025641026,0.142857143,0.007098353,73.47635961,77.60063171,0.056130599,1
154,12/31/2018,ATVI,0.653472222,0.070424221,0.073339941,0.002621232,0.006380298,0.090647421,-0.007862085,-0.052874088,0,-0.7646296,0.036295806,0,2.25,0.008926232,82.0759078,45.99097443,-0.439653174,0
155,3/31/2019,ATVI,-0.243175136,0.003242035,-0.022468452,-0.00130719,0.009309453,-0.320395051,-0.026411499,0.008177315,-0.036697248,1.466942149,-0.114288788,0.026315789,1.884615385,-0.017532876,45.86422648,46.47836304,0.013390318,1
156,6/30/2019,ATVI,-0.238068812,-0.025239581,-0.131297229,0.002617801,0.012342928,-0.473676175,0.009081852,0.059290702,0.042328042,0.425181463,0.028232989,-0.076923077,-0.493333333,0.024997195,45.7019209,47.32360077,0.035483845,1
157,9/30/2019,ATVI,-0.083029862,0.017719348,0.009423704,0.001305483,0.012193754,-0.207234375,0.065028225,0.026201025,-0.047715736,-0.558080313,-0.053293437,0,0.210526316,-0.01826894,47.05823434,53.87912369,0.144945713,1
158,12/31/2019,ATVI,0.577442415,0.114574558,0.263913824,0.003911343,0.008113241,0.201320047,0.071595161,0.042229998,0.036247335,-0.29787234,0.294675905,0,0.956521739,0.050617102,54.11500622,57.93824005,0.07065016,1
159,3/31/2020,ATVI,-0.111278953,-0.012144117,-0.064914773,-0.001298701,-0.00776264,-0.473298921,0.00114732,-0.008722703,-0.00617284,-6.964646465,0.093161158,0.055555556,36.16666667,-0.076039177,57.46647876,59.42232132,0.034034495,1
160,6/30/2020,ATVI,0.081586402,0.031422159,-0.006835789,0.00260078,-0.08827645,-1.422867035,-0.228725763,-0.040636545,-0.232919255,0.116215072,0.408043207,2.421052632,-0.002092676,-0.056562143,60.08082403,80.40048218,0.338205384,1
161,9/30/2020,ATVI,-0.006809848,0.067111771,0.100489446,0.001297017,0.087881073,2.738066762,0.054409797,0.132394626,0.021592443,-1.080504457,-0.077241253,-0.323076923,-0.999400839,0.300589008,77.62054902,77.37322235,-0.003186356,0
162,12/31/2020,ATVI,0.257911392,0.071001529,0.121890202,-0.001295337,0.01602243,-0.32651474,-0.202209278,0.070687354,0.054161162,1.191990577,0.10929026,-0.227272727,6,-0.032118814,78.51091989,90.32318115,0.150453737,1
163,3/31/2021,ATVI,-0.057861635,0.013674326,0.002725471,0.005188067,0.028065066,-0.385739032,-0.113179196,0.087553805,0.005012531,2.10424503,0.066697113,-0.088235294,-1,0.123124408,91.70819647,94.75524139,0.033225437,1
164,6/30/2021,ATVI,0.016911437,0.006275347,-0.099827032,0.002580645,0.032853318,-1.32940312,0.573156417,0.082241037,0.067331671,0.567768738,0.025802752,-0.048387097,10000000000,0.092368624,94.98278393,91.83412933,-0.03314974,0
165,9/30/2021,ATVI,-0.105908096,0.017181402,-0.035547626,0.001287001,0.021846116,-3.817313812,-0.023703672,0.056897957,-0.126168224,-0.124654963,0.007609465,-0.13559322,0.105263158,0.001502477,93.91178359,77.15140533,-0.178469385,0
166,12/31/2021,ATVI,0.045521292,0.04500146,0.061192543,-0.001285347,0.033914512,-1.81668933,0.334000373,0.040808111,-0.065508021,-0.119828456,-0.038007781,-0.176470588,-0.571428571,-0.007293597,77.72797995,63.66159058,-0.180969445,0
167,3/31/2022,ATVI,-0.184925094,-0.001756066,-0.037012203,0.003861004,0.016072818,2.225308436,0.320530482,-0.030040568,-0.097281831,-0.419891086,-0.016508083,-0.095238095,0,0.043170155,66.04741057,79.616745,0.205448394,1
168,6/30/2022,ATVI,-0.071223435,-0.000719655,-0.060576521,0.002564103,0.020532989,1.868123875,0.177029959,-0.080242212,-0.082408875,-0.689970356,-0.220466654,-0.052631579,2,0.058072562,80.34243477,78.12999725,-0.027537596,0
169,9/30/2022,ATVI,0.085343228,0.025046011,0.009783575,0,0.018831434,-0.017726778,0.190360867,-0.030523642,-0.031088083,1.084462151,-0.041520201,0,-0.592592593,-0.049390295,78.55000305,73.34999847,-0.066199928,0
170,12/31/2022,ATVI,0.314529915,0.068813427,0.194950088,0.003836317,0.01609594,0.698938861,0.08014407,-0.032253445,0.048128342,-0.406345566,-0.016385809,0,9,-0.048450002,74.41000366,77.58999634,0.042736091,1
171,6/30/2018,EA,-0.281289507,-0.039259087,-0.251190775,-0.003267974,0.015614161,0.161903286,0.138620043,-0.011103063,-0.006066734,-0.446735395,-0.125672619,-0.025,-0.222222222,0.025792936,118.8457861,143.1318512,0.204349401,1
172,9/30/2018,EA,0.131046614,0.024615012,0.048878473,-0.003278689,0.010604734,0.019115256,-0.023339906,0.054185333,-0.002034588,2.483342744,-0.016460424,-0.025641026,0.142857143,0.007098353,138.5843812,112.1873398,-0.190476309,0
173,12/31/2018,EA,0.002332815,0.04816568,0.121289499,-0.006578947,0.006380298,0.090647421,-0.007862085,-0.052874088,0,-0.7646296,0.036295806,0,2.25,0.008926232,119.5066912,83.27490234,-0.30317791,0
174,3/31/2019,EA,-0.039565555,0.011290505,0.03216624,-0.013245033,0.009309453,-0.320395051,-0.026411499,0.008177315,-0.036697248,1.466942149,-0.114288788,0.026315789,1.884615385,-0.017532876,78.91485823,98.0812912,0.242874832,1
175,6/30/2019,EA,-0.023424879,0.088422463,-0.099834528,-0.006711409,0.012342928,-0.473676175,0.009081852,0.059290702,0.042328042,0.425181463,0.028232989,-0.076923077,-0.493333333,0.024997195,101.6324578,92.33039093,-0.091526537,0
176,9/30/2019,EA,0.11497105,0.086572982,0.052389706,-0.010135135,0.012193754,-0.207234375,0.065028225,0.026201025,-0.047715736,-0.558080313,-0.053293437,0,0.210526316,-0.01826894,101.2576381,92.91238403,-0.082416045,0
177,12/31/2019,EA,0.181750742,0.053620315,0.142358079,-0.006825939,0.008113241,0.201320047,0.071595161,0.042229998,0.036247335,-0.29787234,0.294675905,0,0.956521739,0.050617102,93.82976957,107.1170502,0.1416105,1
178,3/31/2020,EA,-0.129315756,-0.004390288,-0.069571865,-0.010309278,-0.00776264,-0.473298921,0.00114732,-0.008722703,-0.00617284,-6.964646465,0.093161158,0.055555556,36.16666667,-0.076039177,105.4992962,104.3649139,-0.01075251,0
179,6/30/2020,EA,0.051910598,0.015478762,-0.040810737,0.003472222,-0.08827645,-1.422867035,-0.228725763,-0.040636545,-0.232919255,0.116215072,0.408043207,2.421052632,-0.002092676,-0.056562143,103.9604716,138.9000244,0.336084978,1
180,9/30/2020,EA,-0.211103496,0.016483516,-0.030553969,0.003460208,0.087881073,2.738066762,0.054409797,0.132394626,0.021592443,-1.080504457,-0.077241253,-0.323076923,-0.999400839,0.300589008,133.6324608,125.7212296,-0.059201418,0
181,12/31/2020,EA,0.453518679,0.08282476,0.31281296,-0.006896552,0.01602243,-0.32651474,-0.202209278,0.070687354,0.054161162,1.191990577,0.10929026,-0.227272727,6,-0.032118814,128.3254193,140.1222382,0.091928933,1
182,3/31/2021,EA,-0.195457262,0.069887279,0.22234687,-0.006944444,0.028065066,-0.385739032,-0.113179196,0.087553805,0.005012531,2.10424503,0.066697113,-0.088235294,-1,0.123124408,141.6828852,138.9114075,-0.019561133,0
183,6/30/2021,EA,0.15230312,-0.041691752,-0.08113069,-0.003496503,0.032853318,-1.32940312,0.573156417,0.082241037,0.067331671,0.567768738,0.025802752,-0.048387097,10000000000,0.092368624,135.9939197,139.6016083,0.026528308,1
184,9/30/2021,EA,0.177304965,0.022381027,0.031362365,-0.003508772,0.021846116,-3.817313812,-0.023703672,0.056897957,-0.126168224,-0.124654963,0.007609465,-0.13559322,0.105263158,0.001502477,142.1264851,138.776123,-0.023573101,0
185,12/31/2021,EA,-0.02026287,0.069974652,0.222738718,-0.007042254,0.033914512,-1.81668933,0.334000373,0.040808111,-0.065508021,-0.119828456,-0.038007781,-0.176470588,-0.571428571,-0.007293597,142.1168962,130.8133698,-0.079536823,0
186,3/31/2022,EA,0.020122974,-0.009332376,-0.021859655,-0.007092199,0.016072818,2.225308436,0.320530482,-0.030040568,-0.097281831,-0.419891086,-0.016508083,-0.095238095,0,0.043170155,130.9622634,122.7395096,-0.0627872,0
187,6/30/2022,EA,-0.031780822,-0.044057971,-0.101052632,-0.003571429,0.020532989,1.868123875,0.177029959,-0.080242212,-0.082408875,-0.689970356,-0.220466654,-0.052631579,2,0.058072562,125.0555311,125.0458832,-7.71E-05,0
188,9/30/2022,EA,0.077532541,-0.008565797,-0.048639885,-0.003584229,0.018831434,-0.017726778,0.190360867,-0.030523642,-0.031088083,1.084462151,-0.041520201,0,-0.592592593,-0.049390295,120.9549919,121.9200592,0.00797873,1
189,12/31/2022,EA,-0.012079832,0.029895252,0.120810453,-0.010791367,0.01609594,0.698938861,0.08014407,-0.032253445,0.048128342,-0.406345566,-0.016385809,0,9,-0.048450002,115.8594487,123.6781082,0.067484004,1
190,6/30/2018,TTD,0.309540062,0.135779968,0.130860593,0.013091835,0.015614161,0.161903286,0.138620043,-0.011103063,-0.006066734,-0.446735395,-0.125672619,-0.025,-0.222222222,0.025792936,4.895999908,9.399999619,0.919934599,1
191,9/30/2018,TTD,0.066487521,0.040871808,-0.003216754,0.012970076,0.010604734,0.019115256,-0.023339906,0.054185333,-0.002034588,2.483342744,-0.016460424,-0.025641026,0.142857143,0.007098353,9.25399971,13.34000015,0.441538856,1
192,12/31/2018,TTD,0.339218148,0.279596389,0.347692096,0.012008146,0.006380298,0.090647421,-0.007862085,-0.052874088,0,-0.7646296,0.036295806,0,2.25,0.008926232,15.15100002,11.79199982,-0.221701551,0
193,3/31/2019,TTD,-0.240792595,-0.032200358,-0.097228693,0.015543322,0.009309453,-0.320395051,-0.026411499,0.008177315,-0.036697248,1.466942149,-0.114288788,0.026315789,1.884615385,-0.017532876,11.60900021,19.65200043,0.692824539,1
194,6/30/2019,TTD,0.33935054,0.145101664,0.144340017,0.011342413,0.012342928,-0.473676175,0.009081852,0.059290702,0.042328042,0.425181463,0.028232989,-0.076923077,-0.493333333,0.024997195,20.15600014,23.77700043,0.179648753,1
195,9/30/2019,TTD,0.029505316,0.14205004,0.177210497,0.008265021,0.012193754,-0.207234375,0.065028225,0.026201025,-0.047715736,-0.558080313,-0.053293437,0,0.210526316,-0.01826894,23.60000038,19.84300041,-0.159194911,0
196,12/31/2019,TTD,0.30689564,0.221908127,0.268690736,0.006075361,0.008113241,0.201320047,0.071595161,0.042229998,0.036247335,-0.29787234,0.294675905,0,0.956521739,0.050617102,18.78199959,27.77599907,0.478862724,1
197,3/31/2020,TTD,-0.257171504,0.021978022,-0.020609319,0.010168062,-0.00776264,-0.473298921,0.00114732,-0.008722703,-0.00617284,-6.964646465,0.093161158,0.055555556,36.16666667,-0.076039177,26.70100021,21.37599945,-0.19943076,0
198,6/30/2020,TTD,-0.134643485,0.046406338,-0.001829826,0.013955737,-0.08827645,-1.422867035,-0.228725763,-0.040636545,-0.232919255,0.116215072,0.408043207,2.421052632,-0.002092676,-0.056562143,16.95000076,46.19800186,1.72554571,1
199,9/30/2020,TTD,0.551394514,0.156300703,0.197066911,0.009667071,0.087881073,2.738066762,0.054409797,0.132394626,0.021592443,-1.080504457,-0.077241253,-0.323076923,-0.999400839,0.300589008,46.15100098,61.31100082,0.328486913,1
200,12/31/2020,TTD,0.481607372,0.288119738,0.332312404,0.007320424,0.01602243,-0.32651474,-0.202209278,0.070687354,0.054161162,1.191990577,0.10929026,-0.227272727,6,-0.032118814,56.6629982,79.58100128,0.404461532,1
201,3/31/2021,TTD,-0.312783462,-0.054829339,-0.127586207,0.007650832,0.028065066,-0.385739032,-0.113179196,0.087553805,0.005012531,2.10424503,0.066697113,-0.088235294,-1,0.123124408,80.59999847,69.2559967,-0.140744441,0
202,6/30/2021,TTD,0.269571362,0.072992701,0.048089592,9.056934986,0.032853318,-1.32940312,0.573156417,0.082241037,0.067331671,0.567768738,0.025802752,-0.048387097,10000000000,0.092368624,67.5,77.94999695,0.15481477,1
203,9/30/2021,TTD,0.07167781,0.070175439,0.059710874,0.005444658,0.021846116,-3.817313812,-0.023703672,0.056897957,-0.126168224,-0.124654963,0.007609465,-0.13559322,0.105263158,0.001502477,76.87999725,71,-0.076482797,0
204,12/31/2021,TTD,0.315026034,0.196721311,0.215895611,0.005887877,0.033914512,-1.81668933,0.334000373,0.040808111,-0.065508021,-0.119828456,-0.038007781,-0.176470588,-0.571428571,-0.007293597,69.16000366,78.94000244,0.141411195,1
205,3/31/2022,TTD,-0.200834437,-0.040257199,-0.129756098,0.006807842,0.016072818,2.225308436,0.320530482,-0.030040568,-0.097281831,-0.419891086,-0.016508083,-0.095238095,0,0.043170155,92.66000366,67.79000092,-0.268400623,0
206,6/30/2022,TTD,0.197213528,0.0699097,0.061098655,0.004378446,0.020532989,1.868123875,0.177029959,-0.080242212,-0.082408875,-0.689970356,-0.220466654,-0.052631579,2,0.058072562,72.52999878,45.63000107,-0.370880989,0
207,9/30/2022,TTD,0.050761797,0.06833651,0.061806656,0.003399066,0.018831434,-0.017726778,0.190360867,-0.030523642,-0.031088083,1.084462151,-0.041520201,0,-0.592592593,-0.049390295,41.02000046,56.79000092,0.384446618,1
208,12/31/2022,TTD,0.267432373,0.116462793,0.126865672,0.002625199,0.01609594,0.698938861,0.08014407,-0.032253445,0.048128342,-0.406345566,-0.016385809,0,9,-0.048450002,60.25,42.29000092,-0.298091271,0
209,6/30/2018,MTCH,0.074290883,0.033825236,0.034785068,0.00748346,0.015614161,0.161903286,0.138620043,-0.011103063,-0.006066734,-0.446735395,-0.125672619,-0.025,-0.222222222,0.025792936,42.30576399,38.07042694,-0.10011253,0
210,9/30/2018,MTCH,0.009354537,0.021972735,0.030882755,-0.002045357,0.010604734,0.019115256,-0.023339906,0.054185333,-0.002034588,2.483342744,-0.016460424,-0.025641026,0.142857143,0.007098353,36.30015151,53.27004623,0.467488262,1
211,12/31/2018,MTCH,0.035217794,0.078939109,0.068663839,0.002025577,0.006380298,0.090647421,-0.007862085,-0.052874088,0,-0.7646296,0.036295806,0,2.25,0.008926232,55.71607088,43.04999924,-0.227332463,0
212,3/31/2019,MTCH,-0.584042077,0.041454545,0.086579013,0.003624315,0.009309453,-0.320395051,-0.026411499,0.008177315,-0.036697248,1.466942149,-0.114288788,0.026315789,1.884615385,-0.017532876,42.38999939,54.91999817,0.295588558,1
213,6/30/2019,MTCH,0.071774011,0.159078212,0.21369863,0.002788868,0.012342928,-0.473676175,0.009081852,0.059290702,0.042328042,0.425181463,0.028232989,-0.076923077,-0.493333333,0.024997195,57.25,72.27999878,0.26253273,1
214,9/30/2019,MTCH,0.087394296,0.000722979,0.017306245,0.003018814,0.012193754,-0.207234375,0.065028225,0.026201025,-0.047715736,-0.558080313,-0.053293437,0,0.210526316,-0.01826894,68.59999847,74.09999847,0.080174929,1
215,12/31/2019,MTCH,0.010478436,0.007224564,0.005362426,0.002488358,0.008113241,0.201320047,0.071595161,0.042229998,0.036247335,-0.29787234,0.294675905,0,0.956521739,0.050617102,77.01000214,87.12999725,0.131411438,1
216,3/31/2020,MTCH,-0.004614679,0.008368201,0.105389001,0.002789499,-0.00776264,-0.473298921,0.00114732,-0.008722703,-0.00617284,-6.964646465,0.093161158,0.055555556,36.16666667,-0.076039177,83.37999725,68.11000061,-0.183137409,0
217,6/30/2020,MTCH,0.019844228,-0.723177238,-0.327287854,1.162649253,-0.08827645,-1.422867035,-0.228725763,-0.040636545,-0.232919255,0.116215072,0.408043207,2.421052632,-0.002092676,-0.056562143,66.98000336,100.3899994,0.498805529,1
218,9/30/2020,MTCH,0.151804843,0.143468951,0.017313876,0.421126354,0.087881073,2.738066762,0.054409797,0.132394626,0.021592443,-1.080504457,-0.077241253,-0.323076923,-0.999400839,0.300589008,100,112.3799973,0.123799973,1
219,12/31/2020,MTCH,0.018189349,0.14082397,0.084609774,0.025254656,0.01602243,-0.32651474,-0.202209278,0.070687354,0.054161162,1.191990577,0.10929026,-0.227272727,6,-0.032118814,112.9899979,151.7899933,0.343393187,1
220,3/31/2021,MTCH,0.02487692,0.0554826,-0.00717328,0.010298172,0.028065066,-0.385739032,-0.113179196,0.087553805,0.005012531,2.10424503,0.066697113,-0.088235294,-1,0.123124408,153.3099976,143.8699951,-0.061574604,0
221,6/30/2021,MTCH,0.060136726,0.379160187,0.033190336,0.024329648,0.032853318,-1.32940312,0.573156417,0.082241037,0.067331671,0.567768738,0.025802752,-0.048387097,10000000000,0.092368624,142.2299957,162.6300049,0.143429725,1
222,9/30/2021,MTCH,0.132919351,0.103743798,0.084353147,0.002262762,0.021846116,-3.817313812,-0.023703672,0.056897957,-0.126168224,-0.124654963,0.007609465,-0.13559322,0.105263158,0.001502477,161.3500061,157.5399933,-0.023613342,0
223,12/31/2021,MTCH,0.005281635,0.03453208,0.06146715,0.022327692,0.033914512,-1.81668933,0.334000373,0.040808111,-0.065508021,-0.119828456,-0.038007781,-0.176470588,-0.571428571,-0.007293597,157.8699951,125.2699966,-0.206499015,0
224,3/31/2022,MTCH,-0.009228727,-0.003950227,-0.019176002,0.007182418,0.016072818,2.225308436,0.320530482,-0.030040568,-0.097281831,-0.419891086,-0.016508083,-0.095238095,0,0.043170155,132.8950043,100.4800034,-0.243914368,0
225,6/30/2022,MTCH,-0.005156324,-0.168352171,-0.100464576,-0.008209985,0.020532989,1.868123875,0.177029959,-0.080242212,-0.082408875,-0.689970356,-0.220466654,-0.052631579,2,0.058072562,110.1399994,75.23999786,-0.316869455,0
226,9/30/2022,MTCH,0.018921025,-0.066523605,-0.007101356,-0.013720061,0.018831434,-0.017726778,0.190360867,-0.030523642,-0.031088083,1.084462151,-0.041520201,0,-0.592592593,-0.049390295,70.61000061,48.29000092,-0.316102528,0
227,12/31/2022,MTCH,-0.028896443,0.068454662,-0.01538795,0.001246075,0.01609594,0.698938861,0.08014407,-0.032253445,0.048128342,-0.406345566,-0.016385809,0,9,-0.048450002,48.47000122,42.34999847,-0.126263722,0
228,6/30/2018,YELP,0.053145511,-0.016420361,-0.210184731,0.002344582,0.015614161,0.161903286,0.138620043,-0.011103063,-0.006066734,-0.446735395,-0.125672619,-0.025,-0.222222222,0.025792936,41.59000015,39.95999908,-0.039192139,0
229,9/30/2018,YELP,0.026687725,0.029215359,0.039813609,0.006945688,0.010604734,0.019115256,-0.023339906,0.054185333,-0.002034588,2.483342744,-0.016460424,-0.025641026,0.142857143,0.007098353,38.77999878,46.29999924,0.193914407,1
230,12/31/2018,YELP,0.010652193,-0.04622871,-0.035831655,-0.028183704,0.006380298,0.090647421,-0.007862085,-0.052874088,0,-0.7646296,0.036295806,0,2.25,0.008926232,49.65000153,34.56000137,-0.303927486,0
231,3/31/2019,YELP,-0.031521293,0.137755102,2.428677095,-0.028135176,0.009309453,-0.320395051,-0.026411499,0.008177315,-0.036697248,1.466942149,-0.114288788,0.026315789,1.884615385,-0.017532876,34.61999893,35.40000153,0.022530405,1
232,6/30/2019,YELP,0.046154107,-0.19058296,-0.017619861,-0.099610993,0.012342928,-0.473676175,0.009081852,0.059290702,0.042328042,0.425181463,0.028232989,-0.076923077,-0.493333333,0.024997195,34.90000153,34.91999817,0.00057297,1
233,9/30/2019,YELP,0.062773332,-0.049861496,-0.031969446,-0.021630059,0.012193754,-0.207234375,0.065028225,0.026201025,-0.047715736,-0.558080313,-0.053293437,0,0.210526316,-0.01826894,34.75,32.72000122,-0.058417231,0
234,12/31/2019,YELP,0.02426711,0.040816327,-0.032176086,0.014031339,0.008113241,0.201320047,0.071595161,0.042229998,0.036247335,-0.29787234,0.294675905,0,0.956521739,0.050617102,33.27000046,35.27999878,0.060414737,1
235,3/31/2020,YELP,-0.063350234,0.013071895,0.022435217,0.009875676,-0.00776264,-0.473298921,0.00114732,-0.008722703,-0.00617284,-6.964646465,0.093161158,0.055555556,36.16666667,-0.076039177,34.41999817,19.69000053,-0.427948821,0
236,6/30/2020,YELP,-0.320902487,-0.011059908,-0.094881534,0.01715168,-0.08827645,-1.422867035,-0.228725763,-0.040636545,-0.232919255,0.116215072,0.408043207,2.421052632,-0.002092676,-0.056562143,17.92000008,23.14999962,0.291852652,1
237,9/30/2020,YELP,0.302920604,0.061509786,0.106641795,0.011692947,0.087881073,2.738066762,0.054409797,0.132394626,0.021592443,-1.080504457,-0.077241253,-0.323076923,-0.999400839,0.300589008,22.95000076,20.71999931,-0.097167816,0
238,12/31/2020,YELP,0.055729861,0.01404741,-0.070855061,0.017519195,0.01602243,-0.32651474,-0.202209278,0.070687354,0.054161162,1.191990577,0.10929026,-0.227272727,6,-0.032118814,21.01000023,32.52999878,0.548310253,1
239,3/31/2021,YELP,-0.005203971,-0.017316017,0.026180625,-0.002750027,0.028065066,-0.385739032,-0.113179196,0.087553805,0.005012531,2.10424503,0.066697113,-0.088235294,-1,0.123124408,32.50999832,40.54999924,0.247308561,1
240,6/30/2021,YELP,0.106829187,-0.026431718,-0.021078377,-0.007713315,0.032853318,-1.32940312,0.573156417,0.082241037,0.067331671,0.567768738,0.025802752,-0.048387097,10000000000,0.092368624,42.06999969,39.34999847,-0.064654177,0
241,9/30/2021,YELP,0.048089213,-0.023529412,-0.015027503,-0.012619821,0.021846116,-3.817313812,-0.023703672,0.056897957,-0.126168224,-0.124654963,0.007609465,-0.13559322,0.105263158,0.001502477,40.88999939,38.84000015,-0.050134489,0
242,12/31/2021,YELP,0.017459317,-0.025949954,0.006610708,-0.018695782,0.033914512,-1.81668933,0.334000373,0.040808111,-0.065508021,-0.119828456,-0.038007781,-0.176470588,-0.571428571,-0.007293597,39.97999954,35.29999924,-0.117058538,0
243,3/31/2022,YELP,0.011970887,-0.005708849,0.071344541,-0.00847986,0.016072818,2.225308436,0.320530482,-0.030040568,-0.097281831,-0.419891086,-0.016508083,-0.095238095,0,0.043170155,36.40000153,33.81000137,-0.071153847,0
244,6/30/2022,YELP,0.079044354,-0.021052632,-0.049891283,-0.006148772,0.020532989,1.868123875,0.177029959,-0.080242212,-0.082408875,-0.689970356,-0.220466654,-0.052631579,2,0.058072562,34.47000122,28.05999947,-0.185958849,0
245,9/30/2022,YELP,0.034174827,0.00684262,0.080088257,-0.010123877,0.018831434,-0.017726778,0.190360867,-0.030523642,-0.031088083,1.084462151,-0.041520201,0,-0.592592593,-0.049390295,27.32999992,35.33000183,0.292718695,1
246,12/31/2022,YELP,0.002369554,-0.013592233,-0.071006457,-0.008551258,0.01609594,0.698938861,0.08014407,-0.032253445,0.048128342,-0.406345566,-0.016385809,0,9,-0.048450002,34.08000183,28.57999992,-0.161385024,0
247,7/28/2018,CSCO,0.030570489,-0.0350877,-0.0416,-0.02114,0.010604734,0.019115256,-0.023339906,0.054185333,-0.002034588,2.483342744,-0.016460424,-0.025641026,0.142857143,0.007098353,38.60886999,37.09941864,-0.039095973,0
248,10/27/2018,CSCO,0.000155715,-0.045454545,-0.044722636,-0.023456924,0.006380298,0.090647421,-0.007862085,-0.052874088,0,-0.7646296,0.036295806,0,2.25,0.008926232,36.77892165,39.66119766,0.078367605,1
249,1/26/2019,CSCO,-0.043359801,-0.028142162,0.001493967,-0.020588886,0.009309453,-0.320395051,-0.026411499,0.008177315,-0.036697248,1.466942149,-0.114288788,0.026315789,1.884615385,-0.017532876,39.14668331,41.6028862,0.062743576,1
250,4/27/2019,CSCO,0.033444544,-0.050506529,-0.019295316,-0.025090416,0.012342928,-0.473676175,0.009081852,0.059290702,0.042328042,0.425181463,0.028232989,-0.076923077,-0.493333333,0.024997195,40.18800086,48.58753204,0.209005947,1
251,7/27/2019,CSCO,0.057322835,0.005201106,0.061819024,-0.014607002,0.012193754,-0.207234375,0.065028225,0.026201025,-0.047715736,-0.558080313,-0.053293437,0,0.210526316,-0.01826894,49.233125,47.39014435,-0.037433753,0
252,10/26/2019,CSCO,-0.029192732,-0.054206334,-0.09580829,-0.002117647,0.008113241,0.201320047,0.071595161,0.042229998,0.036247335,-0.29787234,0.294675905,0,0.956521739,0.050617102,50.45159095,42.17162323,-0.164117079,0
253,1/25/2020,CSCO,-0.085609083,-0.022337067,-0.054693554,0,-0.00776264,-0.473298921,0.00114732,-0.008722703,-0.00617284,-6.964646465,0.093161158,0.055555556,36.16666667,-0.076039177,42.27922924,41.52416611,-0.017858962,0
254,4/25/2020,CSCO,0.000922819,0.010704886,0.014446286,-0.004951662,-0.08827645,-1.422867035,-0.228725763,-0.040636545,-0.232919255,0.116215072,0.408043207,2.421052632,-0.002092676,-0.056562143,43.25847807,37.31300354,-0.137440677,0
255,7/25/2020,CSCO,0.018690805,0.037847123,0.02239342,0.004028436,0.087881073,2.738066762,0.054409797,0.132394626,0.021592443,-1.080504457,-0.077241253,-0.323076923,-0.999400839,0.300589008,38.93610339,43.28657532,0.111733624,1
256,10/24/2020,CSCO,-0.021145302,0.001581394,-0.001528112,-0.003540241,0.01602243,-0.32651474,-0.202209278,0.070687354,0.054161162,1.191990577,0.10929026,-0.227272727,6,-0.032118814,42.88220092,33.29769516,-0.223507785,0
257,1/23/2021,CSCO,0.002185425,0.006294538,-0.006438448,-0.000236855,0.028065066,-0.385739032,-0.113179196,0.087553805,0.005012531,2.10424503,0.066697113,-0.088235294,-1,0.123124408,35.61647606,41.68384171,0.170352778,1
258,5/1/2021,CSCO,0.071794012,-0.017834541,-0.049380312,-0.001421464,0.032853318,-1.32940312,0.573156417,0.082241037,0.067331671,0.567768738,0.025802752,-0.048387097,10000000000,0.092368624,42.00175026,50.31705475,0.19797519,1
259,7/31/2021,CSCO,0.024415056,0.038350941,0.047140117,0.000474496,0.021846116,-3.817313812,-0.023703672,0.056897957,-0.126168224,-0.124654963,0.007609465,-0.13559322,0.105263158,0.001502477,48.22639552,52.71620178,0.093098524,1
260,10/30/2021,CSCO,-0.015965167,-0.015549196,-0.05232827,0,0.033914512,-1.81668933,0.334000373,0.040808111,-0.065508021,-0.119828456,-0.038007781,-0.176470588,-0.571428571,-0.007293597,52.72568323,54.48529816,0.033373013,1
261,1/29/2022,CSCO,-0.014516379,-0.017909795,0.02789039,-0.015650937,0.016072818,2.225308436,0.320530482,-0.030040568,-0.097281831,-0.419891086,-0.016508083,-0.095238095,0,0.043170155,53.33964545,52.96251297,-0.007070397,0
262,4/30/2022,CSCO,0.005277668,-0.015541788,-0.043256765,-0.000481812,0.020532989,1.868123875,0.177029959,-0.080242212,-0.082408875,-0.689970356,-0.220466654,-0.052631579,2,0.058072562,53.23140578,47.69777679,-0.103954215,0
263,7/30/2022,CSCO,0.021548347,0.012985334,0.034963834,-0.009399855,0.018831434,-0.017726778,0.190360867,-0.030523642,-0.031088083,1.084462151,-0.041520201,0,-0.592592593,-0.049390295,47.70744429,43.91241837,-0.079547877,0
264,10/29/2022,CSCO,0.040346706,-0.010084892,-0.02668314,-0.001703163,0.01609594,0.698938861,0.08014407,-0.032253445,0.048128342,-0.406345566,-0.016385809,0,9,-0.048450002,43.96120208,43.83782196,-0.002806568,0
265,1/28/2023,CSCO,-0.00346531,0.029939605,0.030010231,-0.001949793,0.018812864,-0.007773642,0.007543269,0.038445263,0.098639456,0.224082421,-0.172013042,-0.027777778,-0.034090909,0.054164359,44.61571772,48.26743698,0.081848269,1
266,7/29/2018,CSCO,0.024,0.146410684,0.206268624,0.153113553,0.010604734,0.019115256,-0.023339906,0.054185333,-0.002034588,2.483342744,-0.016460424,-0.025641026,0.142857143,0.007098353,38.60886999,37.09941864,-0.039095973,0
267,8/31/2018,ADBE,0.043735763,0.015366352,0.011768349,-0.002911701,0.010604734,0.019115256,-0.023339906,0.054185333,-0.002034588,2.483342744,-0.016460424,-0.025641026,0.142857143,0.007098353,252.8500061,260.8699951,0.031718366,1
268,11/30/2018,ADBE,0.075949367,0.219082879,0.439700031,-0.002748427,0.006380298,0.090647421,-0.007862085,-0.052874088,0,-0.7646296,0.036295806,0,2.25,0.008926232,263.6700134,238,-0.09735659,0
269,3/1/2019,ADBE,0.055172414,0.039266876,0.024130966,0.001724552,0.009309453,-0.320395051,-0.026411499,0.008177315,-0.036697248,1.466942149,-0.114288788,0.026315789,1.884615385,-0.017532876,260.7099915,254.7400055,-0.022898953,0
270,5/31/2019,ADBE,0.054978854,0.008202604,0.010379905,-0.004567005,0.012342928,-0.473676175,0.009081852,0.059290702,0.042328042,0.425181463,0.028232989,-0.076923077,-0.493333333,0.024997195,266.7000122,278.1600037,0.042969595,1
271,8/30/2019,ADBE,0.032798834,0.019780332,0.00801315,-0.002817347,0.012193754,-0.207234375,0.065028225,0.026201025,-0.047715736,-0.558080313,-0.053293437,0,0.210526316,-0.01826894,270.5100098,284.9400024,0.053343655,1
272,11/29/2019,ADBE,0.055751588,0.035253054,0.042804729,-0.005287655,0.008113241,0.201320047,0.071595161,0.042229998,0.036247335,-0.29787234,0.294675905,0,0.956521739,0.050617102,284.25,306.230011,0.077326336,1
273,2/28/2020,ADBE,0.033088235,0.021770542,0.050527756,0.001370405,-0.00776264,-0.473298921,0.00114732,-0.008722703,-0.00617284,-6.964646465,0.093161158,0.055555556,36.16666667,-0.076039177,309.2200012,336.769989,0.089095103,1
274,5/29/2020,ADBE,0.011970236,0.018336947,-0.002511862,-0.00621118,-0.08827645,-1.422867035,-0.228725763,-0.040636545,-0.232919255,0.116215072,0.408043207,2.421052632,-0.002092676,-0.056562143,349.8099976,392.8999939,0.123181146,1
275,8/28/2020,ADBE,0.03101023,0.037541082,-0.00195859,0,0.087881073,2.738066762,0.054409797,0.132394626,0.021592443,-1.080504457,-0.077241253,-0.323076923,-0.999400839,0.300589008,387.0799866,491.9400024,0.270900123,1
276,11/27/2020,ADBE,0.061705426,0.083429999,0.029810298,-0.002083333,0.01602243,-0.32651474,-0.202209278,0.070687354,0.054161162,1.191990577,0.10929026,-0.227272727,6,-0.032118814,513.8599854,486,-0.054217075,0
277,3/5/2021,ADBE,0.140478972,0.028866744,0.038021779,0,0.028065066,-0.385739032,-0.113179196,0.087553805,0.005012531,2.10424503,0.066697113,-0.088235294,-1,0.123124408,487,444.2999878,-0.087679697,0
278,6/4/2021,ADBE,-0.017925736,0.023894337,0.025439287,-0.004175365,0.032853318,-1.32940312,0.573156417,0.082241037,0.067331671,0.567768738,0.025802752,-0.048387097,10000000000,0.092368624,439.7600098,541.2600098,0.230807708,1
279,9/3/2021,ADBE,0.026075619,0.021968572,0,-0.002096436,0.021846116,-3.817313812,-0.023703672,0.056897957,-0.126168224,-0.124654963,0.007609465,-0.13559322,0.105263158,0.001502477,504.9899902,658.9400024,0.304857552,1
280,12/3/2021,ADBE,0.044472681,0.041959914,0.060869565,-0.00210084,0.033914512,-1.81668933,0.334000373,0.040808111,-0.065508021,-0.119828456,-0.038007781,-0.176470588,-0.571428571,-0.007293597,667.3499756,654.4500122,-0.019330132,0
281,3/4/2022,ADBE,0.036982968,-0.046437355,-0.019527483,-0.006315789,0.016072818,2.225308436,0.320530482,-0.030040568,-0.097281831,-0.419891086,-0.016508083,-0.095238095,0,0.043170155,617.4699707,416.3800049,-0.325667604,0
282,6/3/2022,ADBE,0.029094322,0.013473976,0.011474469,-0.002118644,0.020532989,1.868123875,0.177029959,-0.080242212,-0.082408875,-0.689970356,-0.220466654,-0.052631579,2,0.058072562,456.2200012,393.8399963,-0.136732289,0
283,9/2/2022,ADBE,0.010715914,0.015877839,0.002430921,-0.008492569,0.018831434,-0.017726778,0.190360867,-0.030523642,-0.031088083,1.084462151,-0.041520201,0,-0.592592593,-0.049390295,437.5899963,394.7799988,-0.097831299,0
284,12/2/2022,ADBE,0.02075344,0.015741849,0.060059817,-0.010706638,0.01609594,0.698938861,0.08014407,-0.032253445,0.048128342,-0.406345566,-0.016385809,0,9,-0.048450002,367.230011,330.6400146,-0.099637816,0
285,3/3/2023,ADBE,0.028729282,-0.018332413,-0.049794113,-0.006493506,0.018812864,-0.007773642,0.007543269,0.038445263,0.098639456,0.224082421,-0.172013042,-0.027777778,-0.034090909,0.054164359,337.7999878,329.2999878,-0.025162819,0
286,6/30/2018,AGYS,0.060768655,0.031938781,0.075918485,0.008660236,0.015614161,0.161903286,0.138620043,-0.011103063,-0.006066734,-0.446735395,-0.125672619,-0.025,-0.222222222,0.025792936,11.88000011,16.27000046,0.369528645,1
287,9/30/2018,AGYS,0.005764028,-0.053024139,-0.11103489,0.000170017,0.010604734,0.019115256,-0.023339906,0.054185333,-0.002034588,2.483342744,-0.016460424,-0.025641026,0.142857143,0.007098353,15.5,15.5,0,0
288,12/31/2018,AGYS,0.052953216,0.08987411,0.3574552,0.000169989,0.006380298,0.090647421,-0.007862085,-0.052874088,0,-0.7646296,0.036295806,0,2.25,0.008926232,16.34000015,14.55000019,-0.10954712,0
289,3/31/2019,AGYS,0.016855961,-0.022946492,-0.005668898,-0.001444657,0.009309453,-0.320395051,-0.026411499,0.008177315,-0.036697248,1.466942149,-0.114288788,0.026315789,1.884615385,-0.017532876,14.68999958,19.77000046,0.345813548,1
290,6/30/2019,AGYS,0.048336883,0.023577092,0.072353063,0.007616697,0.012342928,-0.473676175,0.009081852,0.059290702,0.042328042,0.425181463,0.028232989,-0.076923077,-0.493333333,0.024997195,21.14999962,22.60000038,0.068557957,1
291,9/30/2019,AGYS,0.06074815,-0.021815728,-0.031025546,-0.000886824,0.012193754,-0.207234375,0.065028225,0.026201025,-0.047715736,-0.558080313,-0.053293437,0,0.210526316,-0.01826894,21.62999916,26.61000061,0.23023586,1
292,12/31/2019,AGYS,0.030500982,0.049043011,0.144612563,-8.45E-05,0.008113241,0.201320047,0.071595161,0.042229998,0.036247335,-0.29787234,0.294675905,0,0.956521739,0.050617102,26.14999962,25.92000008,-0.008795394,0
293,3/31/2020,AGYS,-0.054882989,-0.100484205,0.105658815,-0.002028998,-0.00776264,-0.473298921,0.00114732,-0.008722703,-0.00617284,-6.964646465,0.093161158,0.055555556,36.16666667,-0.076039177,25.67000008,18.92000008,-0.262952862,0
294,6/30/2020,AGYS,-0.248442976,0.139368021,0.265056458,0.000169427,-0.08827645,-1.422867035,-0.228725763,-0.040636545,-0.232919255,0.116215072,0.408043207,2.421052632,-0.002092676,-0.056562143,14.71000004,17.27000046,0.174031299,1
295,9/30/2020,AGYS,0.152720929,-0.013565924,-0.085563182,-0.001058739,0.087881073,2.738066762,0.054409797,0.132394626,0.021592443,-1.080504457,-0.077241253,-0.323076923,-0.999400839,0.300589008,18.38999939,27.47999954,0.4942904,1
296,12/31/2020,AGYS,0.067175039,0.089152285,0.1214323,0.002119722,0.01602243,-0.32651474,-0.202209278,0.070687354,0.054161162,1.191990577,0.10929026,-0.227272727,6,-0.032118814,24.75,39.34000015,0.589494956,1
297,3/31/2021,AGYS,-0.00567283,0.003551778,0.023970881,0.015779677,0.028065066,-0.385739032,-0.113179196,0.087553805,0.005012531,2.10424503,0.066697113,-0.088235294,-1,0.123124408,38.40000153,50.41999817,0.313020733,1
298,6/30/2021,AGYS,0.062153711,-0.002043471,-0.045446694,0.023239349,0.032853318,-1.32940312,0.573156417,0.082241037,0.067331671,0.567768738,0.025802752,-0.048387097,10000000000,0.092368624,50.77000046,57.33000183,0.129210189,1
299,9/30/2021,AGYS,-0.021511208,-0.007309286,-0.043962742,0.001546664,0.021846116,-3.817313812,-0.023703672,0.056897957,-0.126168224,-0.124654963,0.007609465,-0.13559322,0.105263158,0.001502477,57.56000137,52.20000076,-0.093120231,0
300,12/31/2021,AGYS,0.041302684,0.07569378,0.095066845,0.004267078,0.033914512,-1.81668933,0.334000373,0.040808111,-0.065508021,-0.119828456,-0.038007781,-0.176470588,-0.571428571,-0.007293597,55.54999924,43.47000122,-0.217461713,0
301,3/31/2022,AGYS,0.199640105,0.058436873,0.062706391,0.000687925,0.016072818,2.225308436,0.320530482,-0.030040568,-0.097281831,-0.419891086,-0.016508083,-0.095238095,0,0.043170155,44.77000046,37.63999939,-0.159258454,0
302,6/30/2022,AGYS,0.003633828,-0.025228565,-0.07991063,0.01201019,0.020532989,1.868123875,0.177029959,-0.080242212,-0.082408875,-0.689970356,-0.220466654,-0.052631579,2,0.058072562,40.50999832,50.15999985,0.238212835,1
303,9/30/2022,AGYS,0.004967898,0.057516083,0.062233097,0.00127867,0.018831434,-0.017726778,0.190360867,-0.030523642,-0.031088083,1.084462151,-0.041520201,0,-0.592592593,-0.049390295,48.59999847,54.22000122,0.11563792,1
304,12/31/2022,AGYS,0.045642111,0.1150313,0.175848719,0.005068242,0.01609594,0.698938861,0.08014407,-0.032253445,0.048128342,-0.406345566,-0.016385809,0,9,-0.048450002,56,76.36000061,0.363571439,1
305,6/30/2018,MCHP,0.209580838,1.331234104,1.838055053,0.001982742,0.015614161,0.161903286,0.138620043,-0.011103063,-0.006066734,-0.446735395,-0.125672619,-0.025,-0.222222222,0.025792936,41.98385626,43.26915359,0.030614085,1
306,9/30/2018,MCHP,0.182343234,-0.030235337,-0.044460177,0.003031924,0.010604734,0.019115256,-0.023339906,0.054185333,-0.002034588,2.483342744,-0.016460424,-0.025641026,0.142857143,0.007098353,41.79148846,32.23305893,-0.228717136,0
307,12/31/2018,MCHP,-0.040474529,-0.027374511,-0.03719345,0.003196335,0.006380298,0.090647421,-0.007862085,-0.052874088,0,-0.7646296,0.036295806,0,2.25,0.008926232,36.89494395,32.26684952,-0.125439801,0
308,3/31/2019,MCHP,-0.032727273,0.010685173,0.005155829,0.002645983,0.009309453,-0.320395051,-0.026411499,0.008177315,-0.036697248,1.466942149,-0.114288788,0.026315789,1.884615385,-0.017532876,33.77709126,43.62195587,0.291465731,1
309,6/30/2019,MCHP,-0.005263158,-0.005667575,-0.007962027,0.001872974,0.012342928,-0.473676175,0.009081852,0.059290702,0.042328042,0.425181463,0.028232989,-0.076923077,-0.493333333,0.024997195,39.50012282,42.07460785,0.065176633,1
310,9/30/2019,MCHP,0.011337868,-0.021264935,-0.035576478,0.003058374,0.012193754,-0.207234375,0.065028225,0.026201025,-0.047715736,-0.558080313,-0.053293437,0,0.210526316,-0.01826894,42.56028299,45.22433472,0.062594784,1
311,12/31/2019,MCHP,-0.038116592,-0.015063277,-0.042010082,0.003233332,0.008113241,0.201320047,0.071595161,0.042229998,0.036247335,-0.29787234,0.294675905,0,0.956521739,0.050617102,44.26795901,52.68162537,0.190062215,1
312,3/31/2020,MCHP,0.03030303,-0.009267156,-0.010942198,0.024176008,-0.00776264,-0.473298921,0.00114732,-0.008722703,-0.00617284,-6.964646465,0.093161158,0.055555556,36.16666667,-0.076039177,49.27345834,37.41524124,-0.240661352,0
313,6/30/2020,MCHP,-0.012066365,-0.022839435,-0.026518031,0.029038911,-0.08827645,-1.422867035,-0.228725763,-0.040636545,-0.232919255,0.116215072,0.408043207,2.421052632,-0.002092676,-0.056562143,32.37407994,51.05881119,0.577150958,1
314,9/30/2020,MCHP,0,-0.015092788,-0.017350568,0.030917013,0.087881073,2.738066762,0.054409797,0.132394626,0.021592443,-1.080504457,-0.077241253,-0.323076923,-0.999400839,0.300589008,51.12107087,54.77495575,0.071475124,1
315,12/31/2020,MCHP,0.032061069,-0.011627214,-0.004237662,0.034592995,0.01602243,-0.32651474,-0.202209278,0.070687354,0.054161162,1.191990577,0.10929026,-0.227272727,6,-0.032118814,50.33451991,71.04545593,0.41146585,1
316,3/31/2021,MCHP,0.085059172,-0.005851834,-0.012146467,0.01586211,0.028065066,-0.385739032,-0.113179196,0.087553805,0.005012531,2.10424503,0.066697113,-0.088235294,-1,0.123124408,66.97263429,78.14707947,0.166850913,1
317,6/30/2021,MCHP,0.069529652,-0.012197342,-0.03446419,0.001868175,0.032853318,-1.32940312,0.573156417,0.082241037,0.067331671,0.567768738,0.025802752,-0.048387097,10000000000,0.092368624,78.87670821,69.78577423,-0.115254987,0
318,9/30/2021,MCHP,0.051625239,-0.003870254,-0.022866704,1.024777405,0.021846116,-3.817313812,-0.023703672,0.056897957,-0.126168224,-0.124654963,0.007609465,-0.13559322,0.105263158,0.001502477,71.3896538,71.02909851,-0.005050526,0
319,12/31/2021,MCHP,0.065454545,-0.010360777,-0.025494673,0.002016689,0.033914512,-1.81668933,0.334000373,0.040808111,-0.065508021,-0.119828456,-0.038007781,-0.176470588,-0.571428571,-0.007293597,73.32804017,79.86522675,0.089149888,1
320,3/31/2022,MCHP,0.048919226,0.009534492,0.005954705,-0.002676312,0.016072818,2.225308436,0.320530482,-0.030040568,-0.097281831,-0.419891086,-0.016508083,-0.095238095,0,0.043170155,85.31434579,64.87927246,-0.239526813,0
321,6/30/2022,MCHP,0.065075922,0.000493827,-0.00727802,-0.003637505,0.020532989,1.868123875,0.177029959,-0.080242212,-0.082408875,-0.689970356,-0.220466654,-0.052631579,2,0.058072562,72.70548148,58.40222931,-0.196728663,0
322,9/30/2022,MCHP,0.055498982,-0.004133761,-0.018768328,-0.004479768,0.018831434,-0.017726778,0.190360867,-0.030523642,-0.031088083,1.084462151,-0.041520201,0,-0.592592593,-0.049390295,53.99136128,62.95955276,0.166104193,1
323,12/31/2022,MCHP,0.046309696,-0.001548851,-0.023211795,-0.004030843,0.01609594,0.698938861,0.08014407,-0.032253445,0.048128342,-0.406345566,-0.016385809,0,9,-0.048450002,61.37125883,72.10775757,0.174943433,1
324,7/31/2018,DOCU,0.073142049,0.904073741,0.064649079,3.263269524,0.010604734,0.019115256,-0.023339906,0.054185333,-0.002034588,2.483342744,-0.016460424,-0.025641026,0.142857143,0.007098353,41.65000153,58.20000076,0.397358911,1
325,10/31/2018,DOCU,0.047216417,0.469230769,1.133287818,0.002991339,0.006380298,0.090647421,-0.007862085,-0.052874088,0,-0.7646296,0.036295806,0,2.25,0.008926232,57.15999985,44.43000031,-0.22270818,0
326,1/31/2019,DOCU,0.082049611,-0.060500291,0.100886758,0.076614416,0.009309453,-0.320395051,-0.026411499,0.008177315,-0.036697248,1.466942149,-0.114288788,0.026315789,1.884615385,-0.017532876,42.63000107,51.77000046,0.214402983,1
327,4/30/2019,DOCU,0.092875903,0.076160991,0.13986014,0.025545915,0.012342928,-0.473676175,0.009081852,0.059290702,0.042328042,0.425181463,0.028232989,-0.076923077,-0.493333333,0.024997195,49.99000168,53.04999924,0.061212192,1
328,7/31/2019,DOCU,0.104121737,0.013808976,0.047326906,0.013390697,0.012193754,-0.207234375,0.065028225,0.026201025,-0.047715736,-0.558080313,-0.053293437,0,0.210526316,-0.01826894,54.91999817,45.33000183,-0.174617565,0
329,10/31/2019,DOCU,0.060432077,0.013620885,0.018410042,0.018749325,0.008113241,0.201320047,0.071595161,0.042229998,0.036247335,-0.29787234,0.294675905,0,0.956521739,0.050617102,47,66.73000336,0.419787305,1
330,1/31/2020,DOCU,0.100339476,0.058790594,0.105176664,0.011168634,-0.00776264,-0.473298921,0.00114732,-0.008722703,-0.00617284,-6.964646465,0.093161158,0.055555556,36.16666667,-0.076039177,68,83.16000366,0.22294123,1
331,4/30/2020,DOCU,0.086411644,0.015864622,0.040148699,0.011994218,-0.08827645,-1.422867035,-0.228725763,-0.040636545,-0.232919255,0.116215072,0.408043207,2.421052632,-0.002092676,-0.056562143,79.09999847,116.5599976,0.473577747,1
332,7/31/2020,DOCU,0.155698428,0.068714211,0.108649035,0.009317007,0.087881073,2.738066762,0.054409797,0.132394626,0.021592443,-1.080504457,-0.077241253,-0.323076923,-0.999400839,0.300589008,103.4300003,204.7599945,0.979696354,1
333,10/31/2020,DOCU,0.121452806,-0.000974184,0.047711154,0.007529559,0.01602243,-0.32651474,-0.202209278,0.070687354,0.054161162,1.191990577,0.10929026,-0.227272727,6,-0.032118814,218.7200012,231.6900024,0.059299566,1
334,1/31/2021,DOCU,0.042931703,0.139444174,0.235076923,0.033645882,0.028065066,-0.385739032,-0.113179196,0.087553805,0.005012531,2.10424503,0.066697113,-0.088235294,-1,0.123124408,204.2100067,250.3699951,0.226041755,1
335,4/30/2021,DOCU,0.19461739,-0.017115961,0.023418037,0.00999445,0.032853318,-1.32940312,0.573156417,0.082241037,0.067331671,0.567768738,0.025802752,-0.048387097,10000000000,0.092368624,233.25,195.2799988,-0.162786715,0
336,7/31/2021,DOCU,0.09150289,0.025685677,0.043816943,0.008899319,0.021846116,-3.817313812,-0.023703672,0.056897957,-0.126168224,-0.124654963,0.007609465,-0.13559322,0.105263158,0.001502477,224.0299988,302.6300049,0.350845898,1
337,10/31/2021,DOCU,0.066257657,0.023344652,0.012593284,0.006550718,0.033914512,-1.81668933,0.334000373,0.040808111,-0.065508021,-0.119828456,-0.038007781,-0.176470588,-0.571428571,-0.007293597,299.7999878,267.4899902,-0.107771844,0
338,1/31/2022,DOCU,0.064769163,0.053919535,0.043758637,0.005461331,0.016072818,2.225308436,0.320530482,-0.030040568,-0.097281831,-0.419891086,-0.016508083,-0.095238095,0,0.043170155,277.269989,118.4599991,-0.572762997,0
339,4/30/2022,DOCU,0.013521843,0.012987013,-0.018093557,0.005461843,0.020532989,1.868123875,0.177029959,-0.080242212,-0.082408875,-0.689970356,-0.220466654,-0.052631579,2,0.058072562,118.25,74.56999969,-0.369386895,0
340,7/31/2022,DOCU,0.057080997,0.036130536,0.015730337,0.004256703,0.018831434,-0.017726778,0.190360867,-0.030523642,-0.031088083,1.084462151,-0.041520201,0,-0.592592593,-0.049390295,80.73000336,72.33999634,-0.103926752,0
341,10/31/2022,DOCU,0.037796994,0.024371954,0.001327434,0.001484278,0.01609594,0.698938861,0.08014407,-0.032253445,0.048128342,-0.406345566,-0.016385809,0,9,-0.048450002,63.31000137,53,-0.162849489,0
342,1/31/2023,DOCU,0.021610014,0.102855051,0.058329651,0.004152803,0.018812864,-0.007773642,0.007543269,0.038445263,0.098639456,0.224082421,-0.172013042,-0.027777778,-0.034090909,0.054164359,41.18000031,60.68999863,0.473773632,1
343,7/31/2018,BOX,0.069854171,0.032063715,0.059006276,0.011652081,0.010604734,0.019115256,-0.023339906,0.054185333,-0.002034588,2.483342744,-0.016460424,-0.025641026,0.142857143,0.007098353,24.39999962,25.80999947,0.05778688,1
344,10/31/2018,BOX,0.045475712,0.002682317,0.021446334,0.012580682,0.006380298,0.090647421,-0.007862085,-0.052874088,0,-0.7646296,0.036295806,0,2.25,0.008926232,24.48999977,18.48999977,-0.244997961,0
345,1/31/2019,BOX,0.056987236,0.188839742,0.187082367,-0.496779705,0.009309453,-0.320395051,-0.026411499,0.008177315,-0.036697248,1.466942149,-0.114288788,0.026315789,1.884615385,-0.017532876,18.61000061,23.51000023,0.263299272,1
346,4/30/2019,BOX,-0.018902681,0.270025424,0.285131781,0.01514784,0.012342928,-0.473676175,0.009081852,0.059290702,0.042328042,0.425181463,0.028232989,-0.076923077,-0.493333333,0.024997195,21.37999916,20.23999977,-0.053320834,0
347,7/31/2019,BOX,0.06999276,0.001931645,0.012408464,0.008361946,0.012193754,-0.207234375,0.065028225,0.026201025,-0.047715736,-0.558080313,-0.053293437,0,0.210526316,-0.01826894,20.25,13.97999954,-0.309629652,0
348,10/31/2019,BOX,0.024108131,0.020067302,0.02247438,0.011887194,0.008113241,0.201320047,0.071595161,0.042229998,0.036247335,-0.29787234,0.294675905,0,0.956521739,0.050617102,15.25,16.95000076,0.11147546,1
349,1/31/2020,BOX,0.030976846,0.137540614,0.139090049,0.007579711,-0.00776264,-0.473298921,0.00114732,-0.008722703,-0.00617284,-6.964646465,0.093161158,0.055555556,36.16666667,-0.076039177,17.29000092,15.44999981,-0.106419954,0
350,4/30/2020,BOX,0.003943145,-0.011539692,-0.031535759,0.018823326,-0.08827645,-1.422867035,-0.228725763,-0.040636545,-0.232919255,0.116215072,0.408043207,2.421052632,-0.002092676,-0.056562143,15.02999973,17.17000008,0.142381928,1
351,7/31/2020,BOX,0.045038222,0.012222406,-0.007869481,0.019244555,0.087881073,2.738066762,0.054409797,0.132394626,0.021592443,-1.080504457,-0.077241253,-0.323076923,-0.999400839,0.300589008,15.22999954,17.37000084,0.140512236,1
352,10/31/2020,BOX,0.021359645,-0.019729082,-0.052080154,0.014347918,0.01602243,-0.32651474,-0.202209278,0.070687354,0.054161162,1.191990577,0.10929026,-0.227272727,6,-0.032118814,18,16.92000008,-0.059999996,0
353,1/31/2021,BOX,0.004495829,0.43591334,0.406324832,0.007614581,0.028065066,-0.385739032,-0.113179196,0.087553805,0.005012531,2.10424503,0.066697113,-0.088235294,-1,0.123124408,15.5,18.12999916,0.169677365,1
354,4/30/2021,BOX,0.031703342,-0.031065089,-0.013322231,0.018210709,0.032853318,-1.32940312,0.573156417,0.082241037,0.067331671,0.567768738,0.025802752,-0.048387097,10000000000,0.092368624,17.54999924,21.15999985,0.205698049,1
355,7/31/2021,BOX,0.058714493,0.164885496,0.004219409,-0.062066084,0.021846116,-3.817313812,-0.023703672,0.056897957,-0.126168224,-0.124654963,0.007609465,-0.13559322,0.105263158,0.001502477,21.52000046,24.77000046,0.151022302,1
356,10/31/2021,BOX,0.042195418,-0.079292267,-0.004201681,-0.023909341,0.033914512,-1.81668933,0.334000373,0.040808111,-0.065508021,-0.119828456,-0.038007781,-0.176470588,-0.571428571,-0.007293597,24.11000061,26.71999931,0.10825378,1
357,1/31/2022,BOX,0.02379401,-0.009252669,0.096202532,-0.026367358,0.016072818,2.225308436,0.320530482,-0.030040568,-0.097281831,-0.419891086,-0.016508083,-0.095238095,0,0.043170155,25.94000053,26.21999931,0.010794093,1
358,4/30/2022,BOX,0.039191067,-0.158045977,-0.101616628,0,0.020532989,1.868123875,0.177029959,-0.080242212,-0.082408875,-0.689970356,-0.220466654,-0.052631579,2,0.058072562,25.19000053,29.51000023,0.17149661,1
359,7/31/2022,BOX,0.032338568,-0.090443686,-0.00856898,-0.019030748,0.018831434,-0.017726778,0.190360867,-0.030523642,-0.031088083,1.084462151,-0.041520201,0,-0.592592593,-0.049390295,30.5,29.95999908,-0.017704948,0
360,10/31/2022,BOX,0.015949311,-0.009380863,-0.019014693,0.00418072,0.01609594,0.698938861,0.08014407,-0.032253445,0.048128342,-0.406345566,-0.016385809,0,9,-0.048450002,28.30999947,28.84000015,0.018721325,1
361,1/31/2023,BOX,0.01238197,0.142992424,0.09339207,0.009698072,0.018812864,-0.007773642,0.007543269,0.038445263,0.098639456,0.224082421,-0.172013042,-0.027777778,-0.034090909,0.054164359,27.42000008,33.75,0.230853388,1
362,6/30/2018,VRNS,0.16182185,0.053982439,0.115668299,0.016313611,0.015614161,0.161903286,0.138620043,-0.011103063,-0.006066734,-0.446735395,-0.125672619,-0.025,-0.222222222,0.025792936,20.16666794,25.79999924,0.279338724,1
363,9/30/2018,VRNS,0.078179772,0.037170926,0.019180405,0.007050448,0.010604734,0.019115256,-0.023339906,0.054185333,-0.002034588,2.483342744,-0.016460424,-0.025641026,0.142857143,0.007098353,24.61666679,22.19333267,-0.098442821,0
364,12/31/2018,VRNS,0.305225795,0.15901724,0.17516953,0.005199837,0.006380298,0.090647421,-0.007862085,-0.052874088,0,-0.7646296,0.036295806,0,2.25,0.008926232,24.51666641,17.16333389,-0.299931989,0
365,3/31/2019,VRNS,-0.356018191,0.071823088,0.224568944,0.023193698,0.009309453,-0.320395051,-0.026411499,0.008177315,-0.036697248,1.466942149,-0.114288788,0.026315789,1.884615385,-0.017532876,17.7966671,20.36333275,0.144221704,1
366,6/30/2019,VRNS,0.057860185,-0.004668583,0.042849614,0.002114794,0.012342928,-0.473676175,0.009081852,0.059290702,0.042328042,0.425181463,0.028232989,-0.076923077,-0.493333333,0.024997195,20.02000046,20.88999939,0.043456489,1
367,9/30/2019,VRNS,0.101105315,-0.019301362,-0.016896765,0.005110957,0.012193754,-0.207234375,0.065028225,0.026201025,-0.047715736,-0.558080313,-0.053293437,0,0.210526316,-0.01826894,20.93000031,21.13999939,0.010033401,1
368,12/31/2019,VRNS,0.105271977,0.067616518,0.121757443,0.003313431,0.008113241,0.201320047,0.071595161,0.042229998,0.036247335,-0.29787234,0.294675905,0,0.956521739,0.050617102,20.11000061,26.90333366,0.337808695,1
369,3/31/2020,VRNS,-0.253362734,-0.098425444,-0.079362043,0.028872249,-0.00776264,-0.473298921,0.00114732,-0.008722703,-0.00617284,-6.964646465,0.093161158,0.055555556,36.16666667,-0.076039177,26.11666679,20.87333298,-0.200765812,0
370,6/30/2020,VRNS,0.228680597,0.736331895,1.028433225,0.002478866,-0.08827645,-1.422867035,-0.228725763,-0.040636545,-0.232919255,0.116215072,0.408043207,2.421052632,-0.002092676,-0.056562143,18.37333298,34.10333252,0.856132067,1
371,9/30/2020,VRNS,0.153023361,0.008474882,-0.000397841,0.005738017,0.087881073,2.738066762,0.054409797,0.132394626,0.021592443,-1.080504457,-0.077241253,-0.323076923,-0.999400839,0.300589008,33.25666809,41.72000122,0.254485299,1
372,12/31/2020,VRNS,0.240335631,0.10539502,0.099647521,0.002962963,0.01602243,-0.32651474,-0.202209278,0.070687354,0.054161162,1.191990577,0.10929026,-0.227272727,6,-0.032118814,39.26333237,57.80333328,0.472196316,1
373,3/31/2021,VRNS,-0.214418522,0.868647409,-0.00475498,2.33596279,0.028065066,-0.385739032,-0.113179196,0.087553805,0.005012531,2.10424503,0.066697113,-0.088235294,-1,0.123124408,54.3666687,53.75999832,-0.011158866,0
374,6/30/2021,VRNS,0.182295915,-0.005780347,0.005942724,0.007225828,0.032853318,-1.32940312,0.573156417,0.082241037,0.067331671,0.567768738,0.025802752,-0.048387097,10000000000,0.092368624,53.74000168,60.11000061,0.118533657,1
375,9/30/2021,VRNS,0.134983827,0.025193798,0.0423556,0.003806798,0.021846116,-3.817313812,-0.023703672,0.056897957,-0.126168224,-0.124654963,0.007609465,-0.13559322,0.105263158,0.001502477,59.29999924,59.09999847,-0.003372694,0
376,12/31/2021,VRNS,0.261327514,0.048204159,0.063200917,0.001751754,0.033914512,-1.81668933,0.334000373,0.040808111,-0.065508021,-0.119828456,-0.038007781,-0.176470588,-0.571428571,-0.007293597,61.77000046,43.86999893,-0.289784708,0
377,3/31/2022,VRNS,-0.239512396,-0.051397656,0.00750082,0.019133282,0.016072818,2.225308436,0.320530482,-0.030040568,-0.097281831,-0.419891086,-0.016508083,-0.095238095,0,0.043170155,49.31999969,44.45999908,-0.098540159,0
378,6/30/2022,VRNS,0.157768982,0,0.019525615,0.002920614,0.020532989,1.868123875,0.177029959,-0.080242212,-0.082408875,-0.689970356,-0.220466654,-0.052631579,2,0.058072562,48.49000168,32.15999985,-0.336770494,0
379,9/30/2022,VRNS,0.106417343,0.006653992,0.000657976,0.002984912,0.018831434,-0.017726778,0.190360867,-0.030523642,-0.031088083,1.084462151,-0.041520201,0,-0.592592593,-0.049390295,30.28000069,25.88999939,-0.144980224,0
380,12/31/2022,VRNS,0.156591624,-0.014164306,0.029277785,-0.023055147,0.01609594,0.698938861,0.08014407,-0.032253445,0.048128342,-0.406345566,-0.016385809,0,9,-0.048450002,26.69000053,23.13999939,-0.133008658,0
381,6/30/2018,AYX,0.092828285,0.753578601,1.419477174,0.010540865,0.015614161,0.161903286,0.138620043,-0.011103063,-0.006066734,-0.446735395,-0.125672619,-0.025,-0.222222222,0.025792936,34.16999817,39.81999969,0.165349775,1
382,9/30/2018,AYX,0.157769895,0.037846128,0.029753554,0.006888028,0.010604734,0.019115256,-0.023339906,0.054185333,-0.002034588,2.483342744,-0.016460424,-0.025641026,0.142857143,0.007098353,37.70000076,53.40000153,0.416445635,1
383,12/31/2018,AYX,0.645471493,0.174128663,-0.0464695,0.005875325,0.006380298,0.090647421,-0.007862085,-0.052874088,0,-0.7646296,0.036295806,0,2.25,0.008926232,57.20999908,62.38000107,0.090368853,1
384,3/31/2019,AYX,-0.180773976,0.042100274,0.006337937,0.00754938,0.009309453,-0.320395051,-0.026411499,0.008177315,-0.036697248,1.466942149,-0.114288788,0.026315789,1.884615385,-0.017532876,59.49000168,81.19999695,0.364935193,1
385,6/30/2019,AYX,0.080934907,0.029975535,0.043096679,0.011093886,0.012342928,-0.473676175,0.009081852,0.059290702,0.042328042,0.425181463,0.028232989,-0.076923077,-0.493333333,0.024997195,84.77999878,115.9800034,0.368011383,1
386,9/30/2019,AYX,0.227690164,0.867364379,1.567421719,0.021608931,0.012193754,-0.207234375,0.065028225,0.026201025,-0.047715736,-0.558080313,-0.053293437,0,0.210526316,-0.01826894,110.9599991,111.5599976,0.00540734,1
387,12/31/2019,AYX,0.614217912,0.083131558,0.076071989,0.018822499,0.008113241,0.201320047,0.071595161,0.042229998,0.036247335,-0.29787234,0.294675905,0,0.956521739,0.050617102,114,119.8899994,0.051666661,1
388,3/31/2020,AYX,-0.363835091,-0.014157973,-0.022338465,0.006122449,-0.00776264,-0.473298921,0.00114732,-0.008722703,-0.00617284,-6.964646465,0.093161158,0.055555556,36.16666667,-0.076039177,105,107.9199982,0.027809506,1
389,6/30/2020,AYX,-0.128516598,-0.005291005,0.010952832,0.007168021,-0.08827645,-1.422867035,-0.228725763,-0.040636545,-0.232919255,0.116215072,0.408043207,2.421052632,-0.002092676,-0.056562143,86.54000092,178.0200043,1.057083457,1
390,9/30/2020,AYX,0.384806945,0.030395137,0.015243267,0.00342222,0.087881073,2.738066762,0.054409797,0.132394626,0.021592443,-1.080504457,-0.077241253,-0.323076923,-0.999400839,0.300589008,177,151.9700012,-0.141412422,0
391,12/31/2020,AYX,0.336455367,0.080383481,0.07378042,0.00425564,0.01602243,-0.32651474,-0.202209278,0.070687354,0.054161162,1.191990577,0.10929026,-0.227272727,6,-0.032118814,113.6500015,116.5,0.025076977,1
392,3/31/2021,AYX,-0.319983554,-0.033447099,-0.024524939,0.005785385,0.028065066,-0.385739032,-0.113179196,0.087553805,0.005012531,2.10424503,0.066697113,-0.088235294,-1,0.123124408,112.2200012,85.45999908,-0.238460184,0
393,6/30/2021,AYX,0.011670835,0.039548023,0.078546161,0.003600669,0.032853318,-1.32940312,0.573156417,0.082241037,0.067331671,0.567768738,0.025802752,-0.048387097,10000000000,0.092368624,85.41999817,83.66999817,-0.020487006,0
394,9/30/2021,AYX,0.028007425,0.001358696,0.023076923,0.002262814,0.021846116,-3.817313812,-0.023703672,0.056897957,-0.126168224,-0.124654963,0.007609465,-0.13559322,0.105263158,0.001502477,84.54000092,72.33999634,-0.144310438,0
395,12/31/2021,AYX,0.397038616,0.085481682,0.125,0.001663572,0.033914512,-1.81668933,0.334000373,0.040808111,-0.065508021,-0.119828456,-0.038007781,-0.176470588,-0.571428571,-0.007293597,73.51999664,58.15999985,-0.208922708,0
396,3/31/2022,AYX,0.012912744,-0.076875,0.040935673,0.005768347,0.016072818,2.225308436,0.320530482,-0.030040568,-0.097281831,-0.419891086,-0.016508083,-0.095238095,0,0.043170155,61.56000137,67.84999847,0.102176689,1
397,6/30/2022,AYX,0.109087401,-0.014218009,0.031300161,0.00715065,0.020532989,1.868123875,0.177029959,-0.080242212,-0.082408875,-0.689970356,-0.220466654,-0.052631579,2,0.058072562,75,52.47000122,-0.300399984,0
398,9/30/2022,AYX,0.196895205,-0.021978022,-0.013229572,0.005299293,0.018831434,-0.017726778,0.190360867,-0.030523642,-0.031088083,1.084462151,-0.041520201,0,-0.592592593,-0.049390295,49.02999878,53.93000031,0.099938847,1
399,12/31/2022,AYX,0.449933883,0.093398876,0.09148265,0.007979847,0.01609594,0.698938861,0.08014407,-0.032253445,0.048128342,-0.406345566,-0.016385809,0,9,-0.048450002,56.5,47.18999863,-0.164778785,0
400,7/31/2018,SMAR,1.333984967,1.47925414,0.158464242,-0.995948866,0.010604734,0.019115256,-0.023339906,0.054185333,-0.002034588,2.483342744,-0.016460424,-0.025641026,0.142857143,0.007098353,18.88999939,25.87000084,0.369507765,1
401,10/31/2018,SMAR,-0.44710268,0.023169624,0.104997518,0.157122537,0.006380298,0.090647421,-0.007862085,-0.052874088,0,-0.7646296,0.036295806,0,2.25,0.008926232,23.43000031,25.56999969,0.091335867,1
402,1/31/2019,SMAR,0.184795596,0.058034536,0.179350223,-0.80369933,0.009309453,-0.320395051,-0.026411499,0.008177315,-0.036697248,1.466942149,-0.114288788,0.026315789,1.884615385,-0.017532876,24.12000084,35.50999832,0.472222101,1
403,4/30/2019,SMAR,0.011291397,0.176498976,0.414032959,4.245204872,0.012342928,-0.473676175,0.009081852,0.059290702,0.042328042,0.425181463,0.028232989,-0.076923077,-0.493333333,0.024997195,30.98999977,41.38000107,0.335269486,1
404,7/31/2019,SMAR,0.188795498,1.084674744,0.099021163,0.093722386,0.012193754,-0.207234375,0.065028225,0.026201025,-0.047715736,-0.558080313,-0.053293437,0,0.210526316,-0.01826894,40.75,48.36000061,0.186748481,1
405,10/31/2019,SMAR,0.113499506,0.023171265,0.124608471,0.008783993,0.008113241,0.201320047,0.071595161,0.042229998,0.036247335,-0.29787234,0.294675905,0,0.956521739,0.050617102,48.56999969,39.75,-0.181593571,0
406,1/31/2020,SMAR,-0.029972422,0.029604648,0.144966497,0.007020533,-0.00776264,-0.473298921,0.00114732,-0.008722703,-0.00617284,-6.964646465,0.093161158,0.055555556,36.16666667,-0.076039177,40.49000168,48.24000168,0.191405277,1
407,4/30/2020,SMAR,0.202615557,-0.018939119,-0.040228588,0.005702489,-0.08827645,-1.422867035,-0.228725763,-0.040636545,-0.232919255,0.116215072,0.408043207,2.421052632,-0.002092676,-0.056562143,48.38999939,56.41999817,0.165943354,1
408,7/31/2020,SMAR,0.05301152,0.008020639,0.040092858,0.008858566,0.087881073,2.738066762,0.054409797,0.132394626,0.021592443,-1.080504457,-0.077241253,-0.323076923,-0.999400839,0.300589008,51.40999985,42.5,-0.173312583,0
409,10/31/2020,SMAR,0.083590687,0.054058713,0.069886777,0.010690371,0.01602243,-0.32651474,-0.202209278,0.070687354,0.054161162,1.191990577,0.10929026,-0.227272727,6,-0.032118814,47.90999985,57.75999832,0.205593791,1
410,1/31/2021,SMAR,0.097375363,0.096520987,0.270387229,0.011806638,0.028065066,-0.385739032,-0.113179196,0.087553805,0.005012531,2.10424503,0.066697113,-0.088235294,-1,0.123124408,50,76.19000244,0.523800049,1
411,4/30/2021,SMAR,0.081321029,-0.009117241,-0.012716312,0.012035814,0.032853318,-1.32940312,0.573156417,0.082241037,0.067331671,0.567768738,0.025802752,-0.048387097,10000000000,0.092368624,70.51999664,55.95000076,-0.206608006,0
412,7/31/2021,SMAR,0.122099956,0.019100673,0.077951711,0.008863105,0.021846116,-3.817313812,-0.023703672,0.056897957,-0.126168224,-0.124654963,0.007609465,-0.13559322,0.105263158,0.001502477,59.43999863,71.63999939,0.205249008,1
413,10/31/2021,SMAR,0.097853478,0.01669648,0.036056008,0.007251817,0.033914512,-1.81668933,0.334000373,0.040808111,-0.065508021,-0.119828456,-0.038007781,-0.176470588,-0.571428571,-0.007293597,72.73000336,68.91000366,-0.052523024,0
414,1/31/2022,SMAR,0.081574945,0.071459856,0.173676161,0.007445408,0.016072818,2.225308436,0.320530482,-0.030040568,-0.097281831,-0.419891086,-0.016508083,-0.095238095,0,0.043170155,69.23000336,61.04000092,-0.118301344,0
415,4/30/2022,SMAR,0.074597767,-0.020979063,0.0058809,0.011506647,0.020532989,1.868123875,0.177029959,-0.080242212,-0.082408875,-0.689970356,-0.220466654,-0.052631579,2,0.058072562,58.81000137,43.65999985,-0.25760927,0
416,7/31/2022,SMAR,0.118155482,0.012516829,0.037055224,0.00876135,0.018831434,-0.017726778,0.190360867,-0.030523642,-0.031088083,1.084462151,-0.041520201,0,-0.592592593,-0.049390295,48,34.58000183,-0.279583295,0
417,10/31/2022,SMAR,0.075059051,0.019865245,0.042925939,0.007628524,0.01609594,0.698938861,0.08014407,-0.032253445,0.048128342,-0.406345566,-0.016385809,0,9,-0.048450002,29.56999969,31.46999931,0.0642543,1
418,1/31/2023,SMAR,0.034877104,0.094674556,0.152631365,0.006254115,0.018812864,-0.007773642,0.007543269,0.038445263,0.098639456,0.224082421,-0.172013042,-0.027777778,-0.034090909,0.054164359,26.48999977,41.81999969,0.578708949,1
419,8/5/2018,AVGO,0.009772637,-0.083078491,0.002230093,-0.052581751,0.010604734,0.019115256,-0.023339906,0.054185333,-0.002034588,2.483342744,-0.016460424,-0.025641026,0.142857143,0.007098353,192.8678798,179.3395691,-0.070142891,0
420,11/4/2018,AVGO,0.075251827,-0.00492337,0.02386562,-0.013692333,0.006380298,0.090647421,-0.007862085,-0.052874088,0,-0.7646296,0.036295806,0,2.25,0.008926232,183.0576851,203.46875,0.111500727,1
421,2/3/2019,AVGO,0.06337252,0.438632192,1.083180637,-0.028172055,0.009309453,-0.320395051,-0.026411499,0.008177315,-0.036697248,1.466942149,-0.114288788,0.026315789,1.884615385,-0.017532876,186.4669043,235.7849579,0.2644869,1
422,5/5/2019,AVGO,-0.046985662,-0.016558036,-0.002904717,0.005957279,0.012342928,-0.473676175,0.009081852,0.059290702,0.042328042,0.425181463,0.028232989,-0.076923077,-0.493333333,0.024997195,236.0774679,263.8451843,0.117621206,1
423,8/4/2019,AVGO,-0.000362516,-0.016202267,-0.009847366,-0.002260899,0.012193754,-0.207234375,0.065028225,0.026201025,-0.047715736,-0.558080313,-0.053293437,0,0.210526316,-0.01826894,266.3017128,241.6354523,-0.092625242,0
424,11/3/2019,AVGO,0.047325476,-0.032594206,-0.118949942,-0.00013078,0.008113241,0.201320047,0.071595161,0.042229998,0.036247335,-0.29787234,0.294675905,0,0.956521739,0.050617102,238.3228578,277.1835632,0.163059078,1
425,2/2/2020,AVGO,0.014196676,0.200213355,0.331279543,0.004703681,-0.00776264,-0.473298921,0.00114732,-0.008722703,-0.00617284,-6.964646465,0.093161158,0.055555556,36.16666667,-0.076039177,264.8990678,281.6171875,0.063111282,1
426,5/3/2020,AVGO,-0.01980198,0.006690862,0.017099452,0.006689516,-0.08827645,-1.422867035,-0.228725763,-0.040636545,-0.232919255,0.116215072,0.408043207,2.421052632,-0.002092676,-0.056562143,273.0408254,249.880127,-0.084825038,0
427,8/2/2020,AVGO,0.013758272,-0.027591112,-0.032390844,0.004717697,0.087881073,2.738066762,0.054409797,0.132394626,0.021592443,-1.080504457,-0.077241253,-0.323076923,-0.999400839,0.300589008,235.506766,299.1764221,0.270351707,1
428,11/1/2020,AVGO,0.110977495,-0.042434866,-0.066070755,0.007425743,0.01602243,-0.32651474,-0.202209278,0.070687354,0.054161162,1.191990577,0.10929026,-0.227272727,6,-0.032118814,291.8973533,352.5625305,0.207830515,1
429,1/31/2021,AVGO,0.029070666,0.013683115,0.018085025,0.002457002,0.028065066,-0.385739032,-0.113179196,0.087553805,0.005012531,2.10424503,0.066697113,-0.088235294,-1,0.123124408,328.8681768,435.3359985,0.323740116,1
430,5/2/2021,AVGO,-0.006761833,-0.018812036,-0.026711721,0.004901961,0.032853318,-1.32940312,0.573156417,0.082241037,0.067331671,0.567768738,0.025802752,-0.048387097,10000000000,0.092368624,437.8956693,426.0948486,-0.026948932,0
431,8/1/2021,AVGO,0.025416036,0.004713733,-0.000872803,0.004878049,0.021846116,-3.817313812,-0.023703672,0.056897957,-0.126168224,-0.124654963,0.007609465,-0.13559322,0.105263158,0.001502477,432.8452704,460.5999146,0.064121399,1
432,10/31/2021,AVGO,0.092800236,-0.004085398,-0.01809252,0.002427184,0.033914512,-1.81668933,0.334000373,0.040808111,-0.065508021,-0.119828456,-0.038007781,-0.176470588,-0.571428571,-0.007293597,464.0347444,534.2174683,0.151244545,1
433,1/30/2022,AVGO,0.04036722,-0.031044065,-0.006939365,-0.007263923,0.016072818,2.225308436,0.320530482,-0.030040568,-0.097281831,-0.419891086,-0.016508083,-0.095238095,0,0.043170155,506.9006569,567.6851196,0.119913955,1
434,5/1/2022,AVGO,0.051518297,-0.02055337,0.009934302,-0.009756098,0.020532989,1.868123875,0.177029959,-0.080242212,-0.082408875,-0.689970356,-0.220466654,-0.052631579,2,0.058072562,567.685129,561.7816162,-0.010399273,0
435,7/31/2022,AVGO,0.044551401,-0.005479719,-0.006032053,-0.002463054,0.018831434,-0.017726778,0.190360867,-0.030523642,-0.031088083,1.084462151,-0.041520201,0,-0.592592593,-0.049390295,539.5466834,538.4539185,-0.002025339,0
436,10/30/2022,AVGO,0.055056711,0.026960716,0.00232037,0.032098765,0.01609594,0.698938861,0.08014407,-0.032253445,0.048128342,-0.406345566,-0.016385809,0,9,-0.048450002,518.9151325,458.1522217,-0.117096047,0
437,1/29/2023,AVGO,-0.001679731,-0.003727013,-0.017293233,-0.002392344,0.018812864,-0.007773642,0.007543269,0.038445263,0.098639456,0.224082421,-0.172013042,-0.027777778,-0.034090909,0.054164359,459.6784292,593.3493652,0.290792275,1
438,8/31/2018,ACN,-0.017858813,0.051524666,0.046904036,0.002124474,0.010604734,0.019115256,-0.023339906,0.054185333,-0.002034588,2.483342744,-0.016460424,-0.025641026,0.142857143,0.007098353,147.7178948,157.4199371,0.065679533,1
439,11/30/2018,ACN,0.009710586,0.092314614,-0.003976143,-0.002650743,0.006380298,0.090647421,-0.007862085,-0.052874088,0,-0.7646296,0.036295806,0,2.25,0.008926232,157.1312863,147.9404602,-0.058491382,0
440,2/28/2019,ACN,-0.01433151,0.025612222,0.00178215,-0.000370963,0.009309453,-0.320395051,-0.026411499,0.008177315,-0.036697248,1.466942149,-0.114288788,0.026315789,1.884615385,-0.017532876,155.9458802,151.9244232,-0.025787517,0
441,5/31/2019,ACN,0.061794528,0.027966411,0.026044261,-0.001266754,0.012342928,-0.473676175,0.009081852,0.059290702,0.042328042,0.425181463,0.028232989,-0.076923077,-0.493333333,0.024997195,154.7996063,173.2957764,0.119484606,1
442,8/31/2019,ACN,-0.003963964,0.058033812,0.066717525,-0.00122603,0.012193754,-0.207234375,0.065028225,0.026201025,-0.047715736,-0.558080313,-0.053293437,0,0.210526316,-0.01826894,168.5114761,190.5381775,0.130713361,1
443,11/30/2019,ACN,0.027405933,0.113494461,0.170535076,-0.002083042,0.008113241,0.201320047,0.071595161,0.042229998,0.036247335,-0.29787234,0.294675905,0,0.956521739,0.050617102,186.0286275,192.7174225,0.03595573,1
444,2/29/2020,ACN,-0.019103794,0.010008743,0.00138858,0.002774798,-0.00776264,-0.473298921,0.00114732,-0.008722703,-0.00617284,-6.964646465,0.093161158,0.055555556,36.16666667,-0.076039177,191.6613057,170.7302551,-0.109208536,0
445,5/31/2020,ACN,-0.013552325,0.046383906,0.05624272,-0.002102007,-0.08827645,-1.422867035,-0.228725763,-0.040636545,-0.232919255,0.116215072,0.408043207,2.421052632,-0.002092676,-0.056562143,173.8344416,200.0344696,0.15071828,1
446,8/31/2020,ACN,-0.014193431,0.057677497,0.05435068,-0.000405567,0.087881073,2.738066762,0.054409797,0.132394626,0.021592443,-1.080504457,-0.077241253,-0.323076923,-0.999400839,0.300589008,193.3663226,226.0738983,0.169148253,1
447,11/30/2020,ACN,0.085556068,0.032066668,0.014144835,-0.002542901,0.01602243,-0.32651474,-0.202209278,0.070687354,0.054161162,1.191990577,0.10929026,-0.227272727,6,-0.032118814,234.2879186,245.0079956,0.045755996,1
448,2/28/2021,ACN,0.027716375,0.044867775,0.064581082,0.002716504,0.028065066,-0.385739032,-0.113179196,0.087553805,0.005012531,2.10424503,0.066697113,-0.088235294,-1,0.123124408,240.7737145,242.0330353,0.005230308,1
449,5/31/2021,ACN,0.097286565,0.05352007,0.050975689,-0.00124215,0.032853318,-1.32940312,0.573156417,0.082241037,0.067331671,0.567768738,0.025802752,-0.048387097,10000000000,0.092368624,246.3884907,277.5875854,0.126625617,1
450,8/31/2021,ACN,0.011685766,0.024949555,0.037924677,-0.002610185,0.021846116,-3.817313812,-0.023703672,0.056897957,-0.126168224,-0.124654963,0.007609465,-0.13559322,0.105263158,0.001502477,275.5344947,333.6394043,0.210880709,1
451,11/30/2021,ACN,0.115209777,0.011557347,-0.013702106,-0.001996698,0.033914512,-1.81668933,0.334000373,0.040808111,-0.065508021,-0.119828456,-0.038007781,-0.176470588,-0.571428571,-0.007293597,335.0152308,371.3500061,0.108457085,1
452,2/28/2022,ACN,0.005479452,0.014722381,0.018694795,0.00265072,0.016072818,2.225308436,0.320530482,-0.030040568,-0.097281831,-0.419891086,-0.016508083,-0.095238095,0,0.043170155,351.4828158,308.2589417,-0.122975782,0
453,5/31/2022,ACN,0.073901774,0.040096575,0.039902349,-0.001905492,0.020532989,1.868123875,0.177029959,-0.080242212,-0.082408875,-0.689970356,-0.220466654,-0.052631579,2,0.058072562,312.7038507,281.4733276,-0.099872525,0
454,8/31/2022,ACN,-0.045485488,0.025338974,0.018254675,-0.001033585,0.018831434,-0.017726778,0.190360867,-0.030523642,-0.031088083,1.084462151,-0.041520201,0,-0.592592593,-0.049390295,305.0827894,286.9584045,-0.059408087,0
455,11/30/2022,ACN,0.021006224,-0.003110255,-0.040386374,-0.003097636,0.01609594,0.698938861,0.08014407,-0.032253445,0.048128342,-0.406345566,-0.016385809,0,9,-0.048450002,280.4301274,286.1115417,0.020259643,1
456,2/28/2023,ACN,0.004191008,0.012967994,-0.007290502,0.001123565,0.018812864,-0.007773642,0.007543269,0.038445263,0.098639456,0.224082421,-0.172013042,-0.027777778,-0.034090909,0.054164359,290.9229136,251.9605713,-0.133926688,0
457,6/30/2018,TXN,0.060174188,0.058262409,0.149745084,-0.006103764,0.015614161,0.161903286,0.138620043,-0.011103063,-0.006066734,-0.446735395,-0.125672619,-0.025,-0.222222222,0.025792936,89.18455974,98.31335449,0.102358466,1
458,9/30/2018,TXN,0.060741847,0.002482863,0.020777904,-0.008188332,0.010604734,0.019115256,-0.023339906,0.054185333,-0.002034588,2.483342744,-0.016460424,-0.025641026,0.142857143,0.007098353,95.02490609,90.58663177,-0.046706432,0
459,12/31/2018,TXN,-0.127669561,-0.077316535,0.010673948,-0.01754386,0.006380298,0.090647421,-0.007862085,-0.052874088,0,-0.7646296,0.036295806,0,2.25,0.008926232,94.43708939,82.18409729,-0.129747668,0
460,3/31/2019,TXN,-0.033091203,0.017856101,0.095910598,-0.013655462,0.009309453,-0.320395051,-0.026411499,0.008177315,-0.036697248,1.466942149,-0.114288788,0.026315789,1.884615385,-0.017532876,83.60838625,101.2924805,0.21151101,1
461,6/30/2019,TXN,0.020589872,-0.003382446,-0.002913492,-0.002129925,0.012342928,-0.473676175,0.009081852,0.059290702,0.042328042,0.425181463,0.028232989,-0.076923077,-0.493333333,0.024997195,96.26485095,103.8631744,0.078931442,1
462,9/30/2019,TXN,0.028080698,0.034974689,0.012249944,-0.002134472,0.012193754,-0.207234375,0.065028225,0.026201025,-0.047715736,-0.558080313,-0.053293437,0,0.210526316,-0.01826894,105.5231892,117.4262238,0.112800178,1
463,12/31/2019,TXN,-0.111641474,0.001445087,0.011546575,-0.002139037,0.008113241,0.201320047,0.071595161,0.042229998,0.036247335,-0.29787234,0.294675905,0,0.956521739,0.050617102,117.3810883,118.2295761,0.007228488,1
464,3/31/2020,TXN,-0.006268657,-0.040792541,0.048073757,-0.002143623,-0.00776264,-0.473298921,0.00114732,-0.008722703,-0.00617284,-6.964646465,0.093161158,0.055555556,36.16666667,-0.076039177,115.5557666,98.64704132,-0.14632524,0
465,6/30/2020,TXN,-0.027035146,0.009373373,0.026390198,-0.016111708,-0.08827645,-1.422867035,-0.228725763,-0.040636545,-0.232919255,0.116215072,0.408043207,2.421052632,-0.002092676,-0.056562143,95.79819415,120.5035019,0.257889076,1
466,9/30/2020,TXN,0.178450139,0.043680138,0.008264463,0.001091703,0.087881073,2.738066762,0.054409797,0.132394626,0.021592443,-1.080504457,-0.077241253,-0.323076923,-0.999400839,0.300589008,117.7154825,140.2770538,0.191661886,1
467,12/31/2020,TXN,0.067854336,0.062832976,0.028536733,0.00436205,0.01602243,-0.32651474,-0.202209278,0.070687354,0.054161162,1.191990577,0.10929026,-0.227272727,6,-0.032118814,132.2643997,160.2433014,0.21153766,1
468,3/31/2021,TXN,0.052257115,0.014882952,-0.067985045,0.001085776,0.028065066,-0.385739032,-0.113179196,0.087553805,0.005012531,2.10424503,0.066697113,-0.088235294,-1,0.123124408,154.101705,184.0747833,0.194501926,1
469,6/30/2021,TXN,0.067847983,0.049086002,-0.002427953,0.001084599,0.032853318,-1.32940312,0.573156417,0.082241037,0.067331671,0.567768738,0.025802752,-0.048387097,10000000000,0.092368624,182.7278785,180.2037964,-0.013813339,0
470,9/30/2021,TXN,0.013755459,0.129592778,0.176931217,0,0.021846116,-3.817313812,-0.023703672,0.056897957,-0.126168224,-0.124654963,0.007609465,-0.13559322,0.105263158,0.001502477,182.3915838,185.9421234,0.019466576,1
471,12/31/2021,TXN,0.04070644,0.06028445,0.019870527,0,0.033914512,-1.81668933,0.334000373,0.040808111,-0.065508021,-0.119828456,-0.038007781,-0.176470588,-0.571428571,-0.007293597,183.846882,171.9470978,-0.064726604,0
472,3/31/2022,TXN,0.015107616,0.024315124,-0.007405448,0,0.016072818,2.225308436,0.320530482,-0.030040568,-0.097281831,-0.419891086,-0.016508083,-0.095238095,0,0.043170155,180.9354203,167.9444885,-0.071798721,0
473,6/30/2022,TXN,0.062589195,-0.021878462,-0.0557776,-0.003250271,0.020532989,1.868123875,0.177029959,-0.080242212,-0.082408875,-0.689970356,-0.220466654,-0.052631579,2,0.058072562,175.1210286,151.0425262,-0.137496351,0
474,9/30/2022,TXN,0.005564083,0.053957853,0.086445301,-0.007608696,0.018831434,-0.017726778,0.190360867,-0.030523642,-0.031088083,1.084462151,-0.041520201,0,-0.592592593,-0.049390295,141.5252805,155.7031555,0.100179098,1
475,12/31/2022,TXN,-0.108948674,0.044134014,0.093506494,-0.006571742,0.01609594,0.698938861,0.08014407,-0.032253445,0.048128342,-0.406345566,-0.016385809,0,9,-0.048450002,153.8751536,172.5917816,0.121635154,1
476,8/31/2018,ORCL,-0.780869918,-0.068864208,-0.012986587,-0.046534901,0.010604734,0.019115256,-0.023339906,0.054185333,-0.002034588,2.483342744,-0.016460424,-0.025641026,0.142857143,0.007098353,43.71148145,44.18793488,0.010899961,1
477,11/30/2018,ORCL,0.045307068,-0.078218732,-0.028186641,-0.046969299,0.006380298,0.090647421,-0.007862085,-0.052874088,0,-0.7646296,0.036295806,0,2.25,0.008926232,44.69626639,42.68622971,-0.04497102,0
478,2/28/2019,ORCL,0.007870524,-0.075051979,-0.023043785,-0.052037445,0.009309453,-0.320395051,-0.026411499,0.008177315,-0.036697248,1.466942149,-0.114288788,0.026315789,1.884615385,-0.017532876,45.87841604,49.16241455,0.071580468,1
479,5/31/2019,ORCL,3.345138583,-0.006661306,0.013998414,-0.024397328,0.012342928,-0.473676175,0.009081852,0.059290702,0.042328042,0.425181463,0.028232989,-0.076923077,-0.493333333,0.024997195,49.06924885,49.8411293,0.015730431,1
480,8/31/2019,ORCL,-0.780463727,-0.022813199,0.010031752,-0.018755582,0.012193754,-0.207234375,0.065028225,0.026201025,-0.047715736,-0.558080313,-0.053293437,0,0.210526316,-0.01826894,47.31445072,49.94892883,0.055680201,1
481,11/30/2019,ORCL,0.052346362,-0.073294486,-0.055993439,-0.024878641,0.008113241,0.201320047,0.071595161,0.042229998,0.036247335,-0.29787234,0.294675905,0,0.956521739,0.050617102,48.80262044,51.74782944,0.060349403,1
482,2/29/2020,ORCL,0.018626055,-0.017665045,-0.004958977,-0.016490355,-0.00776264,-0.473298921,0.00114732,-0.008722703,-0.00617284,-6.964646465,0.093161158,0.055555556,36.16666667,-0.076039177,53.06912873,44.90616608,-0.153817537,0
483,5/31/2020,ORCL,3.202215769,0.193725182,0.253367932,-0.029737425,-0.08827645,-1.422867035,-0.228725763,-0.040636545,-0.232919255,0.116215072,0.408043207,2.421052632,-0.002092676,-0.056562143,47.14341712,51.41546249,0.090618068,1
484,8/31/2020,ORCL,-0.777234565,-0.01638975,0.006685113,-0.01728073,0.087881073,2.738066762,0.054409797,0.132394626,0.021592443,-1.080504457,-0.077241253,-0.323076923,-0.999400839,0.300589008,50.74871808,54.52149963,0.074342401,1
485,11/30/2020,ORCL,0.055268298,-0.031106336,-0.018816972,-0.02057067,0.01602243,-0.32651474,-0.202209278,0.070687354,0.054161162,1.191990577,0.10929026,-0.227272727,6,-0.032118814,54.64586236,57.58503342,0.053785793,1
486,2/28/2021,ORCL,0.032447735,0.073581544,0.069659246,-0.019308943,0.028065066,-0.385739032,-0.113179196,0.087553805,0.005012531,2.10424503,0.066697113,-0.088235294,-1,0.123124408,55.32811643,67.45570374,0.219193931,1
487,5/31/2021,ORCL,3.269036068,0.110050885,0.15255153,-0.027979275,0.032853318,-1.32940312,0.573156417,0.082241037,0.067331671,0.567768738,0.025802752,-0.048387097,10000000000,0.092368624,62.61608797,80.26685333,0.281888664,1
488,8/31/2021,ORCL,-0.777958942,-0.062414669,-0.011154454,-0.025230988,0.021846116,-3.817313812,-0.023703672,0.056897957,-0.126168224,-0.124654963,0.007609465,-0.13559322,0.105263158,0.001502477,80.3055837,87.15180969,0.085252179,1
489,11/30/2021,ORCL,0.071984869,-0.130381374,-0.059992769,-0.026248633,0.033914512,-1.81668933,0.334000373,0.040808111,-0.065508021,-0.119828456,-0.038007781,-0.176470588,-0.571428571,-0.007293597,87.50166144,100.0836639,0.143791584,1
490,2/28/2022,ORCL,0.018889465,0.016342835,0.002923127,-0.001123175,0.016072818,2.225308436,0.320530482,-0.030040568,-0.097281831,-0.419891086,-0.016508083,-0.095238095,0,0.043170155,90.85838063,74.86933136,-0.175977705,0
491,5/31/2022,ORCL,3.323112967,0.006010456,-0.015536049,-0.001124438,0.020532989,1.868123875,0.177029959,-0.080242212,-0.082408875,-0.689970356,-0.220466654,-0.052631579,2,0.058072562,73.96882607,65.97452545,-0.108076619,0
492,8/31/2022,ORCL,-0.750541942,0.192246814,0.178908732,0.01163227,0.018831434,-0.017726778,0.190360867,-0.030523642,-0.031088083,1.084462151,-0.041520201,0,-0.592592593,-0.049390295,71.3692232,74.92589569,0.049834821,1
493,11/30/2022,ORCL,0.073391896,-0.014120283,-0.02547289,-0.00037092,0.01609594,0.698938861,0.08014407,-0.032253445,0.048128342,-0.406345566,-0.016385809,0,9,-0.048450002,73.73157567,79.22988892,0.07457203,1
494,2/28/2023,ORCL,0.0062478,0.024527318,0.009991335,0.001855288,0.018812864,-0.007773642,0.007543269,0.038445263,0.098639456,0.224082421,-0.172013042,-0.027777778,-0.034090909,0.054164359,81.46213072,83.71942139,0.027709693,1
495,6/30/2018,MSFT,0.121779336,0.054383557,0.059377594,-0.001690507,0.015614161,0.161903286,0.138620043,-0.011103063,-0.006066734,-0.446735395,-0.125672619,-0.025,-0.222222222,0.025792936,85.1970257,95.67691803,0.123007725,1
496,9/30/2018,MSFT,-0.048861559,-0.00474796,-0.025424402,0.000390778,0.010604734,0.019115256,-0.023339906,0.054185333,-0.002034588,2.483342744,-0.016460424,-0.025641026,0.142857143,0.007098353,92.78277158,106.4604263,0.147415889,1
497,12/31/2018,MSFT,0.111165473,0.00481331,-0.028668469,0.000390625,0.006380298,0.090647421,-0.007862085,-0.052874088,0,-0.7646296,0.036295806,0,2.25,0.008926232,108.9479552,97.19424438,-0.107883721,0
498,3/31/2019,MSFT,-0.056705246,0.017082659,0.010112097,-0.002212677,0.009309453,-0.320395051,-0.026411499,0.008177315,-0.036697248,1.466942149,-0.114288788,0.026315789,1.884615385,-0.017532876,96.58397992,114.8080368,0.188686125,1
499,6/30/2019,MSFT,0.124162305,0.088403645,0.093868196,-0.003000261,0.012342928,-0.473676175,0.009081852,0.059290702,0.042328042,0.425181463,0.028232989,-0.076923077,-0.493333333,0.024997195,113.9078797,131.7360687,0.156514098,1
500,9/30/2019,MSFT,-0.038229973,-0.026525356,-0.061511404,-0.001177548,0.012193754,-0.207234375,0.065028225,0.026201025,-0.047715736,-0.558080313,-0.053293437,0,0.210526316,-0.01826894,131.3227786,134.7013397,0.025727152,1
501,12/31/2019,MSFT,0.120081411,0.013762076,-0.001208833,-0.003012837,0.008113241,0.201320047,0.071595161,0.042229998,0.036247335,-0.29787234,0.294675905,0,0.956521739,0.050617102,132.2518801,156.1187592,0.180465329,1
502,3/31/2020,MSFT,-0.055255768,0.009388459,-0.010058778,-0.002759164,-0.00776264,-0.473298921,0.00114732,-0.008722703,-0.00617284,-6.964646465,0.093161158,0.055555556,36.16666667,-0.076039177,151.9966253,160.2322235,0.05418277,1
503,6/30/2020,MSFT,0.108349118,0.055568595,0.070541919,-0.002503294,-0.08827645,-1.422867035,-0.228725763,-0.040636545,-0.232919255,0.116215072,0.408043207,2.421052632,-0.002092676,-0.056562143,155.5554762,207.8973999,0.336483967,1
504,9/30/2020,MSFT,-0.03441748,-0.001028837,-0.029496139,-0.000924581,0.087881073,2.738066762,0.054409797,0.132394626,0.021592443,-1.080504457,-0.077241253,-0.323076923,-0.999400839,0.300589008,203.1881629,210.4871521,0.035922315,1
505,12/31/2020,MSFT,0.158860691,0.01041857,-0.02087732,-0.002379693,0.01602243,-0.32651474,-0.202209278,0.070687354,0.054161162,1.191990577,0.10929026,-0.227272727,6,-0.032118814,202.1090237,214.7639618,0.062614414,1
506,3/31/2021,MSFT,-0.03522252,0.015591658,0.002719938,-0.001590246,0.028065066,-0.385739032,-0.113179196,0.087553805,0.005012531,2.10424503,0.066697113,-0.088235294,-1,0.123124408,217.6096222,250.769165,0.152380867,1
507,6/30/2021,MSFT,0.11047517,0.080614092,0.09988301,-0.001990974,0.032853318,-1.32940312,0.573156417,0.082241037,0.067331671,0.567768738,0.025802752,-0.048387097,10000000000,0.092368624,237.9391037,273.0494995,0.147560427,1
508,9/30/2021,MSFT,-0.018686259,0.004910435,-0.043542189,-0.001196968,0.021846116,-3.817313812,-0.023703672,0.056897957,-0.126168224,-0.124654963,0.007609465,-0.13559322,0.105263158,0.001502477,273.1379123,290.2164917,0.062527312,1
509,12/31/2021,MSFT,0.144938873,0.014820314,-0.016686655,-0.001331558,0.033914512,-1.81668933,0.334000373,0.040808111,-0.065508021,-0.119828456,-0.038007781,-0.176470588,-0.571428571,-0.007293597,282.8835551,309.6704407,0.094692269,1
510,3/31/2022,MSFT,-0.048723354,0.012391705,0.007229223,-0.002266667,0.016072818,2.225308436,0.320530482,-0.030040568,-0.097281831,-0.419891086,-0.016508083,-0.095238095,0,0.043170155,330.6839299,293.4434204,-0.112616629,0
511,6/30/2022,MSFT,0.054871542,0.058713259,0.091450493,-0.002539089,0.020532989,1.868123875,0.177029959,-0.080242212,-0.082408875,-0.689970356,-0.220466654,-0.052631579,2,0.058072562,306.4076128,265.0975037,-0.134820766,0
512,9/30/2022,MSFT,-0.034431778,-0.01385813,-0.060918416,-0.000937835,0.018831434,-0.017726778,0.190360867,-0.030523642,-0.031088083,1.084462151,-0.041520201,0,-0.592592593,-0.049390295,253.7076014,232.4899139,-0.083630476,0
513,12/31/2022,MSFT,0.048271416,0.013252396,-0.025786981,-0.001341022,0.01609594,0.698938861,0.08014407,-0.032253445,0.048128342,-0.406345566,-0.016385809,0,9,-0.048450002,233.6511706,223.8786011,-0.041825468,0
514,8/3/2018,DELL,0.074264844,0.001330985,0.006841062,0,0.010604734,0.019115256,-0.023339906,0.054185333,-0.002034588,2.483342744,-0.016460424,-0.025641026,0.142857143,0.007098353,19.66370188,25.46314621,0.294931461,1
515,11/2/2018,DELL,-0.020050562,-0.017344648,-0.013127391,0.001302083,0.006380298,0.090647421,-0.007862085,-0.052874088,0,-0.7646296,0.036295806,0,2.25,0.008926232,25.01330464,26.41131401,0.055890631,1
516,2/1/2019,DELL,0.060448359,-0.077704737,0.065364158,-0.065019506,0.009309453,-0.320395051,-0.026411499,0.008177315,-0.036697248,1.466942149,-0.114288788,0.026315789,1.884615385,-0.017532876,24.69006736,25.04857826,0.014520451,1
517,5/3/2019,DELL,-0.081078814,-0.017241996,-0.016017425,0,0.012342928,-0.473676175,0.009081852,0.059290702,0.042328042,0.425181463,0.028232989,-0.076923077,-0.493333333,0.024997195,24.32859481,32.67163467,0.342931432,1
518,8/2/2019,DELL,0.066733613,0.051213919,0.014775139,0.006954103,0.012193754,-0.207234375,0.065028225,0.026201025,-0.047715736,-0.558080313,-0.053293437,0,0.210526316,-0.01826894,32.71055171,24.5329113,-0.250000076,0
519,11/1/2019,DELL,-0.022507488,0.011201524,0.005403901,0.006906077,0.008113241,0.201320047,0.071595161,0.042229998,0.036247335,-0.29787234,0.294675905,0,0.956521739,0.050617102,24.81506618,26.42043495,0.06469331,1
520,1/31/2020,DELL,0.052004903,0.017523585,0.027445693,0.01920439,-0.00776264,-0.473298921,0.00114732,-0.008722703,-0.00617284,-6.964646465,0.093161158,0.055555556,36.16666667,-0.076039177,26.19665743,25.11181641,-0.041411429,0
521,5/1/2020,DELL,-0.164530626,0.011568134,0.012843574,-0.004037685,-0.08827645,-1.422867035,-0.228725763,-0.040636545,-0.232919255,0.116215072,0.408043207,2.421052632,-0.002092676,-0.056562143,23.73509481,21.23461533,-0.105349463,0
522,7/31/2020,DELL,0.038599462,0.008649656,-0.003835099,0.006756757,0.087881073,2.738066762,0.054409797,0.132394626,0.021592443,-1.080504457,-0.077241253,-0.323076923,-0.999400839,0.300589008,19.29844635,29.57765388,0.532644304,1
523,10/30/2020,DELL,0.035294682,-0.019195884,-0.031229545,0.005369128,0.01602243,-0.32651474,-0.202209278,0.070687354,0.054161162,1.191990577,0.10929026,-0.227272727,6,-0.032118814,29.14469319,31.42139435,0.078117177,1
524,1/29/2021,DELL,0.118625226,0.037554225,0.025853025,0.005340454,0.028065066,-0.385739032,-0.113179196,0.087553805,0.005012531,2.10424503,0.066697113,-0.088235294,-1,0.123124408,29.76738016,38.72824097,0.301029542,1
525,4/30/2021,DELL,-0.064596273,-0.013474861,-0.024109542,0.014608234,0.032853318,-1.32940312,0.573156417,0.082241037,0.067331671,0.567768738,0.025802752,-0.048387097,10000000000,0.092368624,35.82885421,49.16312027,0.372165573,1
526,7/30/2021,DELL,0.070872067,0.007605625,0.001127806,0.001308901,0.021846116,-3.817313812,-0.023703672,0.056897957,-0.126168224,-0.124654963,0.007609465,-0.13559322,0.105263158,0.001502477,48.25827819,47.93721008,-0.00665312,0
527,10/29/2021,DELL,0.092307056,0.105960319,0.077597907,0.002614379,0.033914512,-1.81668933,0.334000373,0.040808111,-0.065508021,-0.119828456,-0.038007781,-0.176470588,-0.571428571,-0.007293597,47.22695678,54.09513855,0.145429268,1
528,1/28/2022,DELL,0.059339994,-0.316501692,-0.223636229,-0.01303781,0.016072818,2.225308436,0.320530482,-0.030040568,-0.097281831,-0.419891086,-0.016508083,-0.095238095,0,0.043170155,53.19599726,56.37949753,0.059844733,1
529,4/29/2022,DELL,-0.067019148,-0.046681404,-0.037682235,-0.01321004,0.020532989,1.868123875,0.177029959,-0.080242212,-0.082408875,-0.689970356,-0.220466654,-0.052631579,2,0.058072562,53.96076488,44.05479431,-0.183577282,0
530,7/29/2022,DELL,0.011831827,0.004173925,0.008472802,-0.017402945,0.018831434,-0.017726778,0.190360867,-0.030523642,-0.031088083,1.084462151,-0.041520201,0,-0.592592593,-0.049390295,45.19530551,44.23071671,-0.021342677,0
531,10/28/2022,DELL,-0.06448439,-0.04058575,-0.032666885,-0.021798365,0.01609594,0.698938861,0.08014407,-0.032253445,0.048128342,-0.406345566,-0.016385809,0,9,-0.048450002,43.60733789,38.35437012,-0.120460639,0
532,2/3/2023,DELL,0.012863557,0.052118067,0.046261577,-0.002785515,0.018812864,-0.007773642,0.007543269,0.038445263,0.098639456,0.224082421,-0.172013042,-0.027777778,-0.034090909,0.054164359,38.4428771,42.35334778,0.101721593,1
533,6/30/2018,AMZN,0.036105853,0.061236764,0.044320804,0.004123711,0.015614161,0.161903286,0.138620043,-0.011103063,-0.006066734,-0.446735395,-0.125672619,-0.025,-0.222222222,0.025792936,70.8809967,85.53150177,0.206691578,1
534,9/30/2018,AMZN,0.069942714,0.071551081,0.055143535,0.004106776,0.010604734,0.019115256,-0.023339906,0.054185333,-0.002034588,2.483342744,-0.016460424,-0.025641026,0.142857143,0.007098353,84.13500214,94.48249817,0.122986816,1
535,12/31/2018,AMZN,0.287541357,0.131897422,0.138940423,0.00408998,0.006380298,0.090647421,-0.007862085,-0.052874088,0,-0.7646296,0.036295806,0,2.25,0.008926232,101.0995026,78.76950073,-0.22087153,0
536,3/31/2019,AMZN,-0.18020806,0.095015002,0.088942812,0.00203666,0.009309453,-0.320395051,-0.026411499,0.008177315,-0.036697248,1.466942149,-0.114288788,0.026315789,1.884615385,-0.017532876,75.54000092,91.86399841,0.216097396,1
537,6/30/2019,AMZN,0.062050254,0.074389956,0.066295531,0.004065041,0.012342928,-0.473676175,0.009081852,0.059290702,0.042328042,0.425181463,0.028232989,-0.076923077,-0.493333333,0.024997195,90.00550079,97.14550018,0.079328478,1
538,9/30/2019,AMZN,0.104155758,0.040491035,0.031101309,0.002024291,0.012193754,-0.207234375,0.065028225,0.026201025,-0.047715736,-0.558080313,-0.053293437,0,0.210526316,-0.01826894,96.14900208,86.59600067,-0.09935622,0
539,12/31/2019,AMZN,0.256549544,0.131336672,0.144448107,0.006060606,0.008113241,0.201320047,0.071595161,0.042229998,0.036247335,-0.29787234,0.294675905,0,0.956521739,0.050617102,86.58149719,94.15799713,0.087507149,1
540,3/31/2020,AMZN,-0.141667715,-0.0178026,-0.044255705,0.002008032,-0.00776264,-0.473298921,0.00114732,-0.008722703,-0.00617284,-6.964646465,0.093161158,0.055555556,36.16666667,-0.076039177,93,102.1380005,0.09825807,1
541,6/30/2020,AMZN,0.179333777,0.167584231,0.183501532,0.004008016,-0.08827645,-1.422867035,-0.228725763,-0.040636545,-0.232919255,0.116215072,0.408043207,2.421052632,-0.002092676,-0.056562143,96.80000305,160,0.65289251,1
542,9/30/2020,AMZN,0.081438046,0.092387559,0.080276944,0.001996008,0.087881073,2.738066762,0.054409797,0.132394626,0.021592443,-1.080504457,-0.077241253,-0.323076923,-0.999400839,0.300589008,146.7485046,164.3325043,0.119824046,1
543,12/31/2020,AMZN,0.311731458,0.138266845,0.142359231,0.001992032,0.01602243,-0.32651474,-0.202209278,0.070687354,0.054161162,1.191990577,0.10929026,-0.227272727,6,-0.032118814,157.2920074,159.1349945,0.011716978,1
544,3/31/2021,AMZN,-0.139118315,0.005859369,-0.035269172,0.001988072,0.028065066,-0.385739032,-0.113179196,0.087553805,0.005012531,2.10424503,0.066697113,-0.088235294,-1,0.123124408,163.5,168.6100006,0.031253826,1
545,6/30/2021,AMZN,0.043177781,0.11527283,0.117215834,0.003968254,0.032853318,-1.32940312,0.573156417,0.082241037,0.067331671,0.567768738,0.025802752,-0.048387097,10000000000,0.092368624,158.6499939,185.9669952,0.172184068,1
546,9/30/2021,AMZN,-0.022553324,0.061298461,0.066496685,0.001976285,0.021846116,-3.817313812,-0.023703672,0.056897957,-0.126168224,-0.124654963,0.007609465,-0.13559322,0.105263158,0.001502477,176.5054932,164.4309998,-0.068408598,0
547,12/31/2021,AMZN,0.24217871,0.099744774,0.078146363,0.003944773,0.033914512,-1.81668933,0.334000373,0.040808111,-0.065508021,-0.119828456,-0.038007781,-0.176470588,-0.571428571,-0.007293597,163.9694977,162.5540009,-0.008632684,0
548,3/31/2022,AMZN,-0.15278701,-0.023260072,-0.01961715,0,0.016072818,2.225308436,0.320530482,-0.030040568,-0.097281831,-0.419891086,-0.016508083,-0.095238095,0,0.043170155,167.5500031,154.460495,-0.078122995,0
549,6/30/2022,AMZN,0.039203007,0.021815287,0.041768136,19.00589391,0.020532989,1.868123875,0.177029959,-0.080242212,-0.082408875,-0.689970356,-0.220466654,-0.052631579,2,0.058072562,164.125,115.5400009,-0.296024366,0
550,9/30/2022,AMZN,0.048517833,0.020570465,0.008833751,0.001473043,0.018831434,-0.017726778,0.190360867,-0.030523642,-0.031088083,1.084462151,-0.041520201,0,-0.592592593,-0.049390295,107.5999985,114.5599976,0.064684007,1
551,12/31/2022,AMZN,0.174037237,0.08010281,0.088557549,0.004314571,0.01609594,0.698938861,0.08014407,-0.032253445,0.048128342,-0.406345566,-0.016385809,0,9,-0.048450002,113.5800018,86.08000183,-0.242120088,0
552,6/30/2018,GOOG,0.048513453,0.022591635,0.075905444,0.001440402,0.015614161,0.161903286,0.138620043,-0.011103063,-0.006066734,-0.446735395,-0.125672619,-0.025,-0.222222222,0.025792936,51.14099884,57.00849915,0.114731828,1
553,9/30/2018,GOOG,0.033162875,0.046916497,0.042088289,1.58E-05,0.010604734,0.019115256,-0.023339906,0.054185333,-0.002034588,2.483342744,-0.016460424,-0.025641026,0.142857143,0.007098353,54.95000076,57.86750031,0.053093712,1
554,12/31/2018,GOOG,0.164078245,0.050799411,0.067043213,-0.000576185,0.006380298,0.090647421,-0.007862085,-0.052874088,0,-0.7646296,0.036295806,0,2.25,0.008926232,59.99449921,53.53549957,-0.107659864,0
555,3/31/2019,GOOG,-0.074778491,0.053940857,0.121691683,-0.001112779,0.009309453,-0.320395051,-0.026411499,0.008177315,-0.036697248,1.466942149,-0.114288788,0.026315789,1.884615385,-0.017532876,52.54800034,60.35749817,0.148616461,1
556,6/30/2019,GOOG,0.07446545,0.047899115,0.049000436,-0.001053568,0.012342928,-0.473676175,0.009081852,0.059290702,0.042328042,0.425181463,0.028232989,-0.076923077,-0.493333333,0.024997195,59.20500183,56.57949829,-0.044345975,0
557,9/30/2019,GOOG,0.037341529,0.023115429,0.048775979,-0.004529933,0.012193754,-0.207234375,0.065028225,0.026201025,-0.047715736,-0.558080313,-0.053293437,0,0.210526316,-0.01826894,54.90000153,60.77249908,0.106967166,1
558,12/31/2019,GOOG,0.125077155,0.048908167,0.093896438,-0.003721201,0.008113241,0.201320047,0.071595161,0.042229998,0.036247335,-0.29787234,0.294675905,0,0.956521739,0.050617102,60.22000122,71.4865036,0.187089043,1
559,3/31/2020,GOOG,-0.096776317,-0.009082705,-0.063424067,-0.006338483,-0.00776264,-0.473298921,0.00114732,-0.008722703,-0.00617284,-6.964646465,0.093161158,0.055555556,36.16666667,-0.076039177,67.5,60.57249832,-0.102629654,0
560,6/30/2020,GOOG,-0.069535217,0.018613548,0.020446203,-0.004030867,-0.08827645,-1.422867035,-0.228725763,-0.040636545,-0.232919255,0.116215072,0.408043207,2.421052632,-0.002092676,-0.056562143,56.90000153,77.08699799,0.354780245,1
561,9/30/2020,GOOG,0.204532992,0.074512015,0.212912744,-0.005124667,0.087881073,2.738066762,0.054409797,0.132394626,0.021592443,-1.080504457,-0.077241253,-0.323076923,-0.999400839,0.300589008,74.00299835,75.76100159,0.023755838,1
562,12/31/2020,GOOG,0.216518535,0.068081793,0.124520696,-0.003691768,0.01602243,-0.32651474,-0.202209278,0.070687354,0.054161162,1.191990577,0.10929026,-0.227272727,6,-0.032118814,73.3105011,90.36049652,0.232572349,1
563,3/31/2021,GOOG,-0.014326954,0.023399955,0.000103016,-0.006113545,0.028065066,-0.385739032,-0.113179196,0.087553805,0.005012531,2.10424503,0.066697113,-0.088235294,-1,0.123124408,87.8769989,114.2939987,0.300613359,1
564,6/30/2021,GOOG,0.118704126,0.025350433,0.007622422,-0.00515129,0.032853318,-1.32940312,0.573156417,0.082241037,0.067331671,0.567768738,0.025802752,-0.048387097,10000000000,0.092368624,107.6470032,129.5744934,0.203698102,1
565,9/30/2021,GOOG,0.049256626,0.035827268,0.051256364,-0.004426058,0.021846116,-3.817313812,-0.023703672,0.056897957,-0.126168224,-0.124654963,0.007609465,-0.13559322,0.105263158,0.001502477,129.4494934,140.0559998,0.08193548,1
566,12/31/2021,GOOG,0.157281912,0.034153418,0.046647089,-0.00385297,0.033914512,-1.81668933,0.334000373,0.040808111,-0.065508021,-0.119828456,-0.038007781,-0.176470588,-0.571428571,-0.007293597,135.6994934,137.0045013,0.009616896,1
567,3/31/2022,GOOG,-0.094237423,-0.006045626,-0.042189663,-0.005071581,0.016072818,2.225308436,0.320530482,-0.030040568,-0.097281831,-0.419891086,-0.016508083,-0.095238095,0,0.043170155,144.4754944,134.010498,-0.072434404,0
568,6/30/2022,GOOG,0.024743237,-0.005351502,-0.032262445,18.85235965,0.020532989,1.868123875,0.177029959,-0.080242212,-0.082408875,-0.689970356,-0.220466654,-0.052631579,2,0.058072562,140.8244934,120.1685028,-0.146678963,0
569,9/30/2022,GOOG,-0.004631289,0.008643383,0.048744061,-0.008181679,0.018831434,-0.017726778,0.190360867,-0.030523642,-0.031088083,1.084462151,-0.041520201,0,-0.592592593,-0.049390295,107.5145035,99.56999969,-0.073892392,0
570,12/31/2022,GOOG,0.070167099,0.019564277,0.04292309,-0.009405597,0.01609594,0.698938861,0.08014407,-0.032253445,0.048128342,-0.406345566,-0.016385809,0,9,-0.048450002,97.22000122,88.16000366,-0.093190675,0
571,6/30/2018,AAPL,-0.128759998,-0.049809253,-0.026497772,-0.020230629,0.015614161,0.161903286,0.138620043,-0.011103063,-0.006066734,-0.446735395,-0.125672619,-0.025,-0.222222222,0.025792936,39.66049992,44.90957642,0.132350235,1
572,9/30/2018,AAPL,0.180888013,0.047331449,0.103864281,-0.018170555,0.010604734,0.019115256,-0.023339906,0.054185333,-0.002034588,2.483342744,-0.016460424,-0.025641026,0.142857143,0.007098353,43.91806465,53.77503586,0.224440018,1
573,12/31/2018,AAPL,0.326232114,0.021857953,-0.010638956,-0.005257624,0.006380298,0.090647421,-0.007862085,-0.052874088,0,-0.7646296,0.036295806,0,2.25,0.008926232,54.65254638,35.67036057,-0.34732482,0
574,3/31/2019,AAPL,-0.316650683,-0.084879281,-0.076962166,-0.026004228,0.009309453,-0.320395051,-0.026411499,0.008177315,-0.036697248,1.466942149,-0.114288788,0.026315789,1.884615385,-0.017532876,38.14125473,47.60015106,0.247996465,1
575,6/30/2019,AAPL,-0.071256907,-0.057775192,-0.043851477,-0.016496636,0.012342928,-0.473676175,0.009081852,0.059290702,0.042328042,0.425181463,0.028232989,-0.076923077,-0.493333333,0.024997195,46.30504021,49.53713608,0.069800088,1
576,9/30/2019,AAPL,0.20960278,0.050512197,0.098523804,-0.019421761,0.012193754,-0.207234375,0.065028225,0.026201025,-0.047715736,-0.558080313,-0.053293437,0,0.210526316,-0.01826894,49.2800277,57.51175308,0.167039788,1
577,12/31/2019,AAPL,0.421517801,0.006209455,0.012333285,-0.013054243,0.008113241,0.201320047,0.071595161,0.042229998,0.036247335,-0.29787234,0.294675905,0,0.956521739,0.050617102,55.09158903,75.78513336,0.375620756,1
578,3/31/2020,AAPL,-0.367752708,-0.059356816,-0.03629021,-0.01391106,-0.00776264,-0.473298921,0.00114732,-0.008722703,-0.00617284,-6.964646465,0.093161158,0.055555556,36.16666667,-0.076039177,71.74593478,65.60067749,-0.085653038,0
579,6/30/2020,AAPL,0.024880117,-0.009538077,0.012757516,-0.009250694,-0.08827645,-1.422867035,-0.228725763,-0.040636545,-0.232919255,0.116215072,0.408043207,2.421052632,-0.002092676,-0.056562143,61.41725505,94.17441559,0.533354356,1
580,9/30/2020,AAPL,0.096799349,0.020621156,0.055035052,2.962885154,0.087881073,2.738066762,0.054409797,0.132394626,0.021592443,-1.080504457,-0.077241253,-0.323076923,-0.999400839,0.300589008,90.81665563,115.0484161,0.266820666,1
581,12/31/2020,AAPL,0.712587715,0.093137134,0.11325126,-0.009071096,0.01602243,-0.32651474,-0.202209278,0.070687354,0.054161162,1.191990577,0.10929026,-0.227272727,6,-0.032118814,112.0386883,130.1047363,0.1612483,1
582,3/31/2021,AAPL,-0.197534318,-0.047721534,-0.068964319,-0.008143613,0.028065066,-0.385739032,-0.113179196,0.087553805,0.005012531,2.10424503,0.066697113,-0.088235294,-1,0.123124408,131.5530825,131.2365723,-0.002405951,0
583,6/30/2021,AAPL,-0.091605371,-0.021704957,-0.009030525,-0.007731032,0.032853318,-1.32940312,0.573156417,0.082241037,0.067331671,0.567768738,0.025802752,-0.048387097,10000000000,0.092368624,122.2276283,143.4292297,0.173459975,1
584,9/30/2021,AAPL,0.023759116,0.06415838,0.084169303,-0.007851664,0.021846116,-3.817313812,-0.023703672,0.056897957,-0.126168224,-0.124654963,0.007609465,-0.13559322,0.105263158,0.001502477,138.4476134,141.4564209,0.021732462,1
585,12/31/2021,AAPL,0.490554857,0.086008057,0.074144183,-0.005235283,0.033914512,-1.81668933,0.334000373,0.040808111,-0.065508021,-0.119828456,-0.038007781,-0.176470588,-0.571428571,-0.007293597,140.3279378,170.6794891,0.216290155,1
586,3/31/2022,AAPL,-0.216339016,-0.08008846,-0.084058993,-0.008139037,0.016072818,2.225308436,0.320530482,-0.030040568,-0.097281831,-0.419891086,-0.016508083,-0.095238095,0,0.043170155,176.290493,168.8323059,-0.042306236,0
587,6/30/2022,AAPL,-0.148539659,-0.040931153,-0.017866788,-0.006971866,0.020532989,1.868123875,0.177029959,-0.080242212,-0.082408875,-0.689970356,-0.220466654,-0.052631579,2,0.058072562,173.2791905,146.1671906,-0.156464258,0
588,9/30/2022,AAPL,0.086077335,0.048901457,0.085840504,-0.009443927,0.018831434,-0.017726778,0.190360867,-0.030523642,-0.031088083,1.084462151,-0.041520201,0,-0.592592593,-0.049390295,136.9522265,139.451889,0.018252077,1
590,6/30/2018,VZ,0.013565403,-0.004585734,0.011653248,0.007553606,0.015614161,0.161903286,0.138620043,-0.011103063,-0.006066734,-0.446735395,-0.125672619,-0.025,-0.222222222,0.025792936,37.12548844,40.63981247,0.094660681,1
591,9/30/2018,VZ,0.012545415,0.008579469,-0.001307757,0.000241838,0.010604734,0.019115256,-0.023339906,0.054185333,-0.002034588,2.483342744,-0.016460424,-0.025641026,0.142857143,0.007098353,39.66881497,43.87407303,0.106009168,1
592,12/31/2018,VZ,0.05133867,-0.002760184,0.175486903,0.000241779,0.006380298,0.090647421,-0.007862085,-0.052874088,0,-0.7646296,0.036295806,0,2.25,0.008926232,42.81196106,45.50679779,0.062945884,1
593,3/31/2019,VZ,-0.062804469,0.072189979,0.050789133,0.000241721,0.009309453,-0.320395051,-0.026411499,0.008177315,-0.036697248,1.466942149,-0.114288788,0.026315789,1.884615385,-0.017532876,44.83662879,48.20902634,0.075215235,1
594,6/30/2019,VZ,-0.001774153,-0.002954777,-0.006117574,0,0.012342928,-0.473676175,0.009081852,0.059290702,0.042328042,0.425181463,0.028232989,-0.076923077,-0.493333333,0.024997195,48.453783,48.06279755,-0.008069245,0
595,9/30/2019,VZ,0.025661813,0.006241434,-0.068697466,0,0.012193754,-0.207234375,0.065028225,0.026201025,-0.047715736,-0.558080313,-0.053293437,0,0.210526316,-0.01826894,47.32920052,49.91806412,0.054699077,1
596,12/31/2019,VZ,0.057183681,0.024052655,0.031614662,0,0.008113241,0.201320047,0.071595161,0.042229998,0.036247335,-0.29787234,0.294675905,0,0.956521739,0.050617102,49.90973294,49.64636993,-0.005276787,0
597,3/31/2020,VZ,-0.091013659,0.009505462,-0.078154408,0.000241663,-0.00776264,-0.473298921,0.00114732,-0.008722703,-0.00617284,-6.964646465,0.093161158,0.055555556,36.16666667,-0.076039177,50.58896834,48.8449707,-0.034473872,0
598,6/30/2020,VZ,-0.036792154,-0.004213922,-0.013169726,0,-0.08827645,-1.422867035,-0.228725763,-0.040636545,-0.232919255,0.116215072,0.408043207,2.421052632,-0.002092676,-0.056562143,47.42486253,46.83472443,-0.012443644,0
599,9/30/2020,VZ,0.035996978,0.012736182,0.019481144,0.000241604,0.087881073,2.738066762,0.054409797,0.132394626,0.021592443,-1.080504457,-0.077241253,-0.323076923,-0.999400839,0.300589008,47.57390064,51.56741333,0.083943352,1
600,12/31/2020,VZ,0.099831975,0.06561412,0.155585074,0.000724638,0.01602243,-0.32651474,-0.202209278,0.070687354,0.054161162,1.191990577,0.10929026,-0.227272727,6,-0.032118814,51.82816142,50.77248383,-0.020368803,0
601,3/31/2021,VZ,-0.052605788,0.09192337,0.015063789,-0.000482742,0.028065066,-0.385739032,-0.113179196,0.087553805,0.005012531,2.10424503,0.066697113,-0.088235294,-1,0.123124408,51.79144705,51.04080582,-0.014493537,0
602,6/30/2021,VZ,0.027291812,0.010466674,0.096258834,0,0.032853318,-1.32940312,0.573156417,0.082241037,0.067331671,0.567768738,0.025802752,-0.048387097,10000000000,0.092368624,51.96413663,50.31565857,-0.03172338,0
603,9/30/2021,VZ,-0.025145125,0.012219708,-0.003408203,0.000241488,0.021846116,-3.817313812,-0.023703672,0.056897957,-0.126168224,-0.124654963,0.007609465,-0.13559322,0.105263158,0.001502477,50.68358103,48.31281281,-0.046775863,0
604,12/31/2021,VZ,0.03499924,0.037172839,0.040241725,0.00651859,0.033914512,-1.81668933,0.334000373,0.040808111,-0.065508021,-0.119828456,-0.038007781,-0.176470588,-0.571428571,-0.007293597,49.41083041,49.80480957,0.007973538,1
605,3/31/2022,VZ,-0.015058561,-0.002400463,-0.089754432,0.007675702,0.016072818,2.225308436,0.320530482,-0.030040568,-0.097281831,-0.419891086,-0.016508083,-0.095238095,0,0.043170155,47.81224814,49.7450676,0.040425195,1
606,6/30/2022,VZ,0.007003636,0.012115959,0.008885736,0,0.020532989,1.868123875,0.177029959,-0.080242212,-0.082408875,-0.689970356,-0.220466654,-0.052631579,2,0.058072562,48.34183632,47.49133682,-0.017593446,0
607,9/30/2022,VZ,0.013377135,0.013354154,0.013422189,0.000238039,0.018831434,-0.017726778,0.190360867,-0.030523642,-0.031088083,1.084462151,-0.041520201,0,-0.592592593,-0.049390295,48.36609965,35.09751129,-0.274336538,0
608,12/31/2022,VZ,0.029496802,0.012237063,0.085431138,0.000713946,0.01609594,0.698938861,0.08014407,-0.032253445,0.048128342,-0.406345566,-0.016385809,0,9,-0.048450002,36.66904317,40.86076736,0.114312342,1
609,6/30/2018,T,0.024922446,0.197937461,0.171398784,0.030839149,0.015614161,0.161903286,0.138620043,-0.011103063,-0.006066734,-0.446735395,-0.125672619,-0.025,-0.222222222,0.025792936,17.59755868,16.46923637,-0.064118116,0
610,9/30/2018,T,0.173216026,0.000334773,0.017851387,0.146905999,0.010604734,0.019115256,-0.023339906,0.054185333,-0.002034588,2.483342744,-0.016460424,-0.025641026,0.142857143,0.007098353,16.20717962,17.48358727,0.078755692,1
611,12/31/2018,T,0.049279608,-0.005620057,0.168642925,0.002608457,0.006380298,0.090647421,-0.007862085,-0.052874088,0,-0.7646296,0.036295806,0,2.25,0.008926232,17.31384371,15.9149971,-0.080793533,0
612,3/31/2019,T,-0.065967954,0.031060572,-0.165371684,0.0013693,0.009309453,-0.320395051,-0.026411499,0.008177315,-0.036697248,1.466942149,-0.114288788,0.026315789,1.884615385,-0.017532876,14.98653563,17.34375,0.157288811,1
613,6/30/2019,T,0.002900038,-0.002680603,-0.009720287,0.001367428,0.012342928,-0.473676175,0.009081852,0.059290702,0.042328042,0.425181463,0.028232989,-0.076923077,-0.493333333,0.024997195,16.9416537,18.78072357,0.10855315,1
614,9/30/2019,T,-0.008207843,0.003441126,-0.111471861,0.000546224,0.012193754,-0.207234375,0.065028225,0.026201025,-0.047715736,-0.558080313,-0.053293437,0,0.210526316,-0.01826894,18.512429,20.99049377,0.133859515,1
615,12/31/2019,T,0.050080739,0.005235096,0.202460218,-0.001910741,0.008113241,0.201320047,0.071595161,0.042229998,0.036247335,-0.29787234,0.294675905,0,0.956521739,0.050617102,20.99049377,21.93871307,0.045173749,1
616,3/31/2020,T,-0.086328784,-0.011447081,-0.024237371,-0.017229591,-0.00776264,-0.473298921,0.00114732,-0.008722703,-0.00617284,-6.964646465,0.093161158,0.055555556,36.16666667,-0.076039177,22.17761024,17.79040909,-0.197821186,0
617,6/30/2020,T,-0.042754623,0.00466486,0.012062075,-0.005843885,-0.08827645,-1.422867035,-0.228725763,-0.040636545,-0.232919255,0.116215072,0.408043207,2.421052632,-0.002092676,-0.056562143,16.44151032,17.85164833,0.085766939,1
618,9/30/2020,T,0.033943834,-0.017056094,-0.02969954,0.000279916,0.087881073,2.738066762,0.054409797,0.132394626,0.021592443,-1.080504457,-0.077241253,-0.323076923,-0.999400839,0.300589008,18.09456814,17.16727257,-0.051247179,0
619,12/31/2020,T,-0.598937175,-0.023752537,0.048911411,0.000139919,0.01602243,-0.32651474,-0.202209278,0.070687354,0.054161162,1.191990577,0.10929026,-0.227272727,6,-0.032118814,17.27032478,18.02243996,0.043549568,1
620,3/31/2021,T,1.112773099,0.040368152,0.006482032,0.001818691,0.028065066,-0.385739032,-0.113179196,0.087553805,0.005012531,2.10424503,0.066697113,-0.088235294,-1,0.123124408,18.25222371,19.09544182,0.046198103,1
621,6/30/2021,T,-0.003818602,-0.004159163,0.060631035,0.000977517,0.032853318,-1.32940312,0.573156417,0.082241037,0.067331671,0.567768738,0.025802752,-0.048387097,10000000000,0.092368624,19.46412879,18.49644852,-0.049716085,0
622,9/30/2021,T,-0.123503078,0.004400507,0.002267872,0.000418527,0.021846116,-3.817313812,-0.023703672,0.056897957,-0.126168224,-0.124654963,0.007609465,-0.13559322,0.105263158,0.001502477,19.03606377,17.82849884,-0.063435642,0
623,12/31/2021,T,-0.007374066,0.008252499,0.041315218,0,0.033914512,-1.81668933,0.334000373,0.040808111,-0.065508021,-0.119828456,-0.038007781,-0.176470588,-0.571428571,-0.007293597,18.14151436,17.96163559,-0.009915312,0
624,3/31/2022,T,-0.044476604,0.046359645,0.019627007,0.001812857,0.016072818,2.225308436,0.320530482,-0.030040568,-0.097281831,-0.419891086,-0.016508083,-0.095238095,0,0.043170155,16.92998547,16.939394,0.000555732,1
625,6/30/2022,T,-0.002322294,-0.261197689,-0.246148613,-0.002087973,0.020532989,1.868123875,0.177029959,-0.080242212,-0.082408875,-0.689970356,-0.220466654,-0.052631579,2,0.058072562,16.73589759,19.60327911,0.171331206,1
626,9/30/2022,T,0.013493911,7.04E-05,-0.014340073,-0.002231831,0.018831434,-0.017726778,0.190360867,-0.030523642,-0.031088083,1.084462151,-0.041520201,0,-0.592592593,-0.049390295,19.91429262,14.2679739,-0.283530971,0
627,12/31/2022,T,0.043271311,-0.055362364,0.08155916,0.000559206,0.01609594,0.698938861,0.08014407,-0.032253445,0.048128342,-0.406345566,-0.016385809,0,9,-0.048450002,15.02243837,18.98278236,0.263628573,1
628,7/31/2018,HPQ,0.041633936,0.067535139,0.061001473,-0.018001241,0.010604734,0.019115256,-0.023339906,0.054185333,-0.002034588,2.483342744,-0.016460424,-0.025641026,0.142857143,0.007098353,18.58637122,20.65791702,0.111455097,1
629,10/31/2018,HPQ,0.053475936,0.010743271,-0.021098803,-0.013906448,0.006380298,0.090647421,-0.007862085,-0.052874088,0,-0.7646296,0.036295806,0,2.25,0.008926232,20.04653302,21.64972115,0.079973336,1
630,1/31/2019,HPQ,-0.042691657,-0.061579343,-0.026488188,-0.013461538,0.009309453,-0.320395051,-0.026411499,0.008177315,-0.036697248,1.466942149,-0.114288788,0.026315789,1.884615385,-0.017532876,21.32930455,19.99029922,-0.06277773,0
631,4/30/2019,HPQ,-0.045819171,-0.016743613,-0.026043639,-0.021442495,0.012342928,-0.473676175,0.009081852,0.059290702,0.042328042,0.425181463,0.028232989,-0.076923077,-0.493333333,0.024997195,19.42338444,16.81734657,-0.134170122,0
632,7/31/2019,HPQ,0.040396124,0.014367996,0.003080788,-0.015936255,0.012193754,-0.207234375,0.065028225,0.026201025,-0.047715736,-0.558080313,-0.053293437,0,0.210526316,-0.01826894,17.44183926,17.0956707,-0.019847021,0
633,10/31/2019,HPQ,0.05505718,0.03277272,0.033516221,-0.016194332,0.008113241,0.201320047,0.071595161,0.042229998,0.036247335,-0.29787234,0.294675905,0,0.956521739,0.050617102,17.6986286,17.45539665,-0.013742983,0
634,1/31/2020,HPQ,-0.051210489,-0.054113007,-0.039526832,-0.017146776,-0.00776264,-0.473298921,0.00114732,-0.008722703,-0.00617284,-6.964646465,0.093161158,0.055555556,36.16666667,-0.076039177,15.9620302,19.60016823,0.227924517,1
635,4/30/2020,HPQ,-0.147010535,0.066875158,0.036827876,-0.00209351,-0.08827645,-1.422867035,-0.228725763,-0.040636545,-0.232919255,0.116215072,0.408043207,2.421052632,-0.002092676,-0.056562143,19.30251272,14.25745773,-0.261367785,0
636,7/31/2020,HPQ,0.14636298,0.013946052,0.04965813,-0.03986014,0.087881073,2.738066762,0.054409797,0.132394626,0.021592443,-1.080504457,-0.077241253,-0.323076923,-0.999400839,0.300589008,13.31970692,16.98026466,0.274822695,1
637,10/31/2020,HPQ,0.067440884,0.01276136,0.018741375,-0.050254916,0.01602243,-0.32651474,-0.202209278,0.070687354,0.054161162,1.191990577,0.10929026,-0.227272727,6,-0.032118814,16.17124359,17.86081886,0.104480231,1
638,1/31/2021,HPQ,0.025429283,0.001614717,0.028800564,-0.039110429,0.028065066,-0.385739032,-0.113179196,0.087553805,0.005012531,2.10424503,0.066697113,-0.088235294,-1,0.123124408,16.86803597,24.4632988,0.45027547,1
639,4/30/2021,HPQ,0.014764157,-0.005412097,-0.001659117,-0.041500399,0.032853318,-1.32940312,0.573156417,0.082241037,0.067331671,0.567768738,0.025802752,-0.048387097,10000000000,0.092368624,22.90101538,33.49112701,0.462429786,1
640,7/31/2021,HPQ,-0.037034704,0.028191843,0.041045662,-0.039966694,0.021846116,-3.817313812,-0.023703672,0.056897957,-0.126168224,-0.124654963,0.007609465,-0.13559322,0.105263158,0.001502477,32.32360027,27.78282928,-0.140478503,0
641,10/31/2021,HPQ,0.090653411,0.086901444,0.020144432,-0.052905464,0.033914512,-1.81668933,0.334000373,0.040808111,-0.065508021,-0.119828456,-0.038007781,-0.176470588,-0.571428571,-0.007293597,27.52698424,30.472929,0.107020251,1
642,1/31/2022,HPQ,0.021169415,0.007821808,0.024341778,-0.029304029,0.016072818,2.225308436,0.320530482,-0.030040568,-0.097281831,-0.419891086,-0.016508083,-0.095238095,0,0.043170155,29.01366136,36.10614395,0.244453208,1
643,4/30/2022,HPQ,-0.03159502,0.025416324,0.013554801,-0.025471698,0.020532989,1.868123875,0.177029959,-0.080242212,-0.082408875,-0.689970356,-0.220466654,-0.052631579,2,0.058072562,34.68494505,35.8678627,0.034104643,1
644,7/31/2022,HPQ,-0.110733778,-0.016390567,-0.00559822,-0.026137464,0.018831434,-0.017726778,0.190360867,-0.030523642,-0.031088083,1.084462151,-0.041520201,0,-0.592592593,-0.049390295,35.4133483,32.68025589,-0.077176899,0
645,10/31/2022,HPQ,0.009342608,-0.016816572,-0.001443522,-0.02584493,0.01609594,0.698938861,0.08014407,-0.032253445,0.048128342,-0.406345566,-0.016385809,0,9,-0.048450002,32.16445424,29.99445534,-0.067465746,0
646,1/31/2023,HPQ,-0.065738801,-0.063207816,-0.039200096,0.005102041,0.018812864,-0.007773642,0.007543269,0.038445263,0.098639456,0.224082421,-0.172013042,-0.027777778,-0.034090909,0.054164359,27.8344629,29.69411087,0.066810988,1
647,6/30/2018,CHTR,0.018485502,0.000684224,0.013270257,-0.014804721,0.015614161,0.161903286,0.138620043,-0.011103063,-0.006066734,-0.446735395,-0.125672619,-0.025,-0.222222222,0.025792936,308.9100037,304.4299927,-0.014502641,0
648,9/30/2018,CHTR,0.003501013,-0.001135035,0.001580766,-0.015740132,0.010604734,0.019115256,-0.023339906,0.054185333,-0.002034588,2.483342744,-0.016460424,-0.025641026,0.142857143,0.007098353,292.1300049,316.0400085,0.081847134,1
649,12/31/2018,CHTR,0.031123761,0.00030804,0.007937236,-0.01539329,0.006380298,0.090647421,-0.007862085,-0.052874088,0,-0.7646296,0.036295806,0,2.25,0.008926232,327.6600037,302.7399902,-0.076054487,0
650,3/31/2019,CHTR,-0.002225982,0.007712311,0.015276071,-0.010466684,0.009309453,-0.320395051,-0.026411499,0.008177315,-0.036697248,1.466942149,-0.114288788,0.026315789,1.884615385,-0.017532876,286.730011,351.4400024,0.22568266,1
651,6/30/2019,CHTR,0.012582545,-0.007958875,-0.006491934,-0.00996305,0.012342928,-0.473676175,0.009081852,0.059290702,0.042328042,0.425181463,0.028232989,-0.076923077,-0.493333333,0.024997195,349.8099976,401.6799927,0.148280482,1
652,9/30/2019,CHTR,0.009077289,-0.00559948,0.013483876,-0.017505126,0.012193754,-0.207234375,0.065028225,0.026201025,-0.047715736,-0.558080313,-0.053293437,0,0.210526316,-0.01826894,400,423.1600037,0.057900009,1
653,12/31/2019,CHTR,0.027161572,0.020107801,0.039628472,-0.026778155,0.008113241,0.201320047,0.071595161,0.042229998,0.036247335,-0.29787234,0.294675905,0,0.956521739,0.050617102,425.5299988,505.0299988,0.186825841,1
654,3/31/2020,CHTR,-0.001955616,-0.01104003,0.001550414,-0.022652459,-0.00776264,-0.473298921,0.00114732,-0.008722703,-0.00617284,-6.964646465,0.093161158,0.055555556,36.16666667,-0.076039177,492.6600037,466.6400146,-0.052815306,0
655,6/30/2020,CHTR,-0.003578122,-0.009662099,-0.009784133,-0.00988303,-0.08827645,-1.422867035,-0.228725763,-0.040636545,-0.232919255,0.116215072,0.408043207,2.421052632,-0.002092676,-0.056562143,451.9700012,537.9199829,0.190167448,1
656,9/30/2020,CHTR,0.029326265,-0.006497354,0.013016065,-0.014335907,0.087881073,2.738066762,0.054409797,0.132394626,0.021592443,-1.080504457,-0.077241253,-0.323076923,-0.999400839,0.300589008,525.5599976,635.6400146,0.209452808,1
657,12/31/2020,CHTR,0.048592076,9.02E-05,0.026550257,-0.029187436,0.01602243,-0.32651474,-0.202209278,0.070687354,0.054161162,1.191990577,0.10929026,-0.227272727,6,-0.032118814,623.3499756,634.3800049,0.017694762,1
658,3/31/2021,CHTR,-0.008079848,-0.00531878,0.016951686,-0.027942125,0.028065066,-0.385739032,-0.113179196,0.087553805,0.005012531,2.10424503,0.066697113,-0.088235294,-1,0.123124408,666.5900269,614.2399902,-0.078534083,0
659,6/30/2021,CHTR,0.022360645,0.004092332,0.01831071,-0.028672187,0.032853318,-1.32940312,0.573156417,0.082241037,0.067331671,0.567768738,0.025802752,-0.048387097,10000000000,0.092368624,607.4799805,736.4699707,0.212336199,1
660,9/30/2021,CHTR,0.026870801,-0.010630025,0.006263835,-0.021471947,0.021846116,-3.817313812,-0.023703672,0.056897957,-0.126168224,-0.124654963,0.007609465,-0.13559322,0.105263158,0.001502477,729.9099731,706.1300049,-0.032579317,0
661,12/31/2021,CHTR,0.005020539,-2.81E-05,0.023719762,-0.035124364,0.033914512,-1.81668933,0.334000373,0.040808111,-0.065508021,-0.119828456,-0.038007781,-0.176470588,-0.571428571,-0.007293597,735.7299805,610.4899902,-0.170225482,0
662,3/31/2022,CHTR,-0.000908265,0.010225207,0.026837225,-0.027612727,0.016072818,2.225308436,0.320530482,-0.030040568,-0.097281831,-0.419891086,-0.016508083,-0.095238095,0,0.043170155,642.75,557.5999756,-0.132477673,0
663,6/30/2022,CHTR,0.030151515,-0.004793398,0.011305047,-0.03888967,0.020532989,1.868123875,0.177029959,-0.080242212,-0.082408875,-0.689970356,-0.220466654,-0.052631579,2,0.058072562,559.3800049,463.5499878,-0.171314699,0
664,9/30/2022,CHTR,-0.003529931,0.00286895,0.010503902,-0.037055776,0.018831434,-0.017726778,0.190360867,-0.030523642,-0.031088083,1.084462151,-0.041520201,0,-0.592592593,-0.049390295,473.5299988,312.5299988,-0.339999579,0
665,12/31/2022,CHTR,0.009151292,0.005944219,0.004629767,-0.028707801,0.01609594,0.698938861,0.08014407,-0.032253445,0.048128342,-0.406345566,-0.016385809,0,9,-0.048450002,307.9899902,367.730011,0.19396741,1
666,6/30/2018,QCOM,0.068390805,-0.031749992,-0.031880319,-0.00877193,0.015614161,0.161903286,0.138620043,-0.011103063,-0.006066734,-0.446735395,-0.125672619,-0.025,-0.222222222,0.025792936,48.01922503,50.9337883,0.060695758,1
667,9/30/2018,QCOM,0.036040882,-0.473055242,-0.182230537,-0.170183799,0.010604734,0.019115256,-0.023339906,0.054185333,-0.002034588,2.483342744,-0.016460424,-0.025641026,0.142857143,0.007098353,48.7851304,63.2783699,0.297083136,1
668,12/31/2018,QCOM,-0.161993769,0.046702121,-0.040174235,-0.007383101,0.006380298,0.090647421,-0.007862085,-0.052874088,0,-0.7646296,0.036295806,0,2.25,0.008926232,64.38914035,50.84169769,-0.210399496,0
669,3/31/2019,QCOM,0.028913672,-0.006511709,-0.015410232,0.003305785,0.009309453,-0.320395051,-0.026411499,0.008177315,-0.036697248,1.466942149,-0.114288788,0.026315789,1.884615385,-0.017532876,51.30879499,52.69599152,0.027036233,1
670,6/30/2019,QCOM,0.933962264,0.003233107,-0.049308618,0.003294893,0.012342928,-0.473676175,0.009081852,0.059290702,0.042328042,0.425181463,0.028232989,-0.076923077,-0.493333333,0.024997195,52.37794156,70.29832458,0.342136069,1
671,9/30/2019,QCOM,-0.500363259,-0.034453461,-0.021695152,-0.059934319,0.012193754,-0.207234375,0.065028225,0.026201025,-0.047715736,-0.558080313,-0.053293437,0,0.210526316,-0.01826894,73.97554715,70.89343262,-0.041663964,0
672,12/31/2019,QCOM,0.054632322,0.004672755,0.019609241,-0.001746725,0.008113241,0.201320047,0.071595161,0.042229998,0.036247335,-0.29787234,0.294675905,0,0.956521739,0.050617102,71.1799689,84.07375336,0.18114344,1
673,3/31/2020,QCOM,0.027378373,-0.035426293,0.010315407,-0.01399825,-0.00776264,-0.473298921,0.00114732,-0.008722703,-0.00617284,-6.964646465,0.093161158,0.055555556,36.16666667,-0.076039177,80.0218955,67.20443726,-0.160174389,0
674,6/30/2020,QCOM,-0.061924847,0.012211159,0.004464749,0.000887311,-0.08827645,-1.422867035,-0.228725763,-0.040636545,-0.232919255,0.116215072,0.408043207,2.421052632,-0.002092676,-0.056562143,64.31271073,87.52725983,0.360963623,1
675,9/30/2020,QCOM,0.705702023,0.101026974,0.017056026,0.002659574,0.087881073,2.738066762,0.054409797,0.132394626,0.021592443,-1.080504457,-0.077241253,-0.323076923,-0.999400839,0.300589008,88.18955378,118.7770767,0.346838391,1
676,12/31/2020,QCOM,-0.013299784,0.052958364,0.019717451,0.004420866,0.01602243,-0.32651474,-0.202209278,0.070687354,0.054161162,1.191990577,0.10929026,-0.227272727,6,-0.032118814,111.195965,149.6399078,0.345731456,1
677,3/31/2021,QCOM,-0.036429872,-0.00829798,-0.011794412,-0.006161972,0.028065066,-0.385739032,-0.113179196,0.087553805,0.005012531,2.10424503,0.066697113,-0.088235294,-1,0.123124408,146.1721244,134.9280701,-0.076923383,0
678,6/30/2021,QCOM,0.015752993,0.043074688,0.028509952,-0.00088574,0.032853318,-1.32940312,0.573156417,0.082241037,0.067331671,0.567768738,0.025802752,-0.048387097,10000000000,0.092368624,133.4594649,136.4462433,0.022379667,1
679,9/30/2021,QCOM,0.158312655,0.06373649,0.022816423,-0.002659574,0.021846116,-3.817313812,-0.023703672,0.056897957,-0.126168224,-0.124654963,0.007609465,-0.13559322,0.105263158,0.001502477,137.9609263,122.6592026,-0.11091346,0
680,12/31/2021,QCOM,0.146636675,0.038312318,0.006295941,0,0.033914512,-1.81668933,0.334000373,0.040808111,-0.065508021,-0.119828456,-0.038007781,-0.176470588,-0.571428571,-0.007293597,124.9563318,175.5243073,0.404685179,1
681,3/31/2022,QCOM,0.04287716,0.034609995,-0.016292438,-0.002666667,0.016072818,2.225308436,0.320530482,-0.030040568,-0.097281831,-0.419891086,-0.016508083,-0.095238095,0,0.043170155,177.9566046,133.5430603,-0.249575139,0
682,6/30/2022,QCOM,-0.020422788,0.061351632,-6.46E-05,0,0.020532989,1.868123875,0.177029959,-0.080242212,-0.082408875,-0.689970356,-0.220466654,-0.052631579,2,0.058072562,144.3386649,133.5782166,-0.074550006,0
683,9/30/2022,QCOM,0.04197147,0.042407486,0.00093633,-0.000891266,0.018831434,-0.017726778,0.190360867,-0.030523642,-0.031088083,1.084462151,-0.041520201,0,-0.592592593,-0.049390295,118.9348024,119.4145279,0.004033517,1
685,8/4/2018,BBY,0.029641014,-0.00736633,0.016739783,-0.017793594,0.010604734,0.019115256,-0.023339906,0.054185333,-0.002034588,2.483342744,-0.016460424,-0.025641026,0.142857143,0.007098353,65.38838253,67.79508209,0.036806226,1
686,11/3/2018,BBY,0.022497068,0.250729592,0.361189963,-0.014492754,0.006380298,0.090647421,-0.007862085,-0.052874088,0,-0.7646296,0.036295806,0,2.25,0.008926232,65.48672429,58.72651672,-0.103230199,0
687,2/2/2019,BBY,0.543378519,-0.139933333,-0.199616283,-0.023150735,0.009309453,-0.320395051,-0.026411499,0.008177315,-0.036697248,1.466942149,-0.114288788,0.026315789,1.884615385,-0.017532876,62.23503008,51.45059204,-0.173285656,0
688,5/4/2019,BBY,-0.382339031,0.127819549,0.166857738,0.00488139,0.012342928,-0.473676175,0.009081852,0.059290702,0.042328042,0.425181463,0.028232989,-0.076923077,-0.493333333,0.024997195,51.14511579,62.69319916,0.225790541,1
689,8/3/2019,BBY,0.04309779,0.029415808,0.044390854,-0.007490637,0.012193754,-0.207234375,0.065028225,0.026201025,-0.047715736,-0.558080313,-0.053293437,0,0.210526316,-0.01826894,64.8292689,59.66753769,-0.079620383,0
690,11/2/2019,BBY,0.023909396,0.130057418,0.180278799,-0.018867925,0.008113241,0.201320047,0.071595161,0.042229998,0.036247335,-0.29787234,0.294675905,0,0.956521739,0.050617102,59.17149144,68.57494354,0.158918626,1
691,2/1/2020,BBY,0.556329373,-0.07887274,-0.122382436,-0.013484615,-0.00776264,-0.473298921,0.00114732,-0.008722703,-0.00617284,-6.964646465,0.093161158,0.055555556,36.16666667,-0.076039177,65.7195159,78.11045074,0.188542698,1
692,5/2/2020,BBY,-0.436562253,0.000897954,0.006852708,0.001972756,-0.08827645,-1.422867035,-0.228725763,-0.040636545,-0.232919255,0.116215072,0.408043207,2.421052632,-0.002092676,-0.056562143,76.64734083,71.22893524,-0.070692675,0
693,8/1/2020,BBY,0.157439851,0.115796219,0.11799918,0.003891051,0.087881073,2.738066762,0.054409797,0.132394626,0.021592443,-1.080504457,-0.077241253,-0.323076923,-0.999400839,0.300589008,64.40769889,93.84690857,0.457075943,1
694,10/31/2020,BBY,0.196064581,0.217665977,0.255390934,0,0.01602243,-0.32651474,-0.202209278,0.070687354,0.054161162,1.191990577,0.10929026,-0.227272727,6,-0.032118814,91.26588895,112.8125076,0.236086219,1
695,1/30/2021,BBY,0.428920948,-0.100698047,-0.154007946,-0.003875969,0.028065066,-0.385739032,-0.113179196,0.087553805,0.005012531,2.10424503,0.066697113,-0.088235294,-1,0.123124408,103.5627286,105.5699921,0.019382103,1
696,5/1/2021,BBY,-0.312924367,-0.071432318,-0.064433702,-0.025680934,0.032853318,-1.32940312,0.573156417,0.082241037,0.067331671,0.567768738,0.025802752,-0.048387097,10000000000,0.092368624,100.8874132,113.4691086,0.124710259,1
697,7/31/2021,BBY,0.018217754,0.049364586,0.051450506,-0.012380192,0.021846116,-3.817313812,-0.023703672,0.056897957,-0.126168224,-0.124654963,0.007609465,-0.13559322,0.105263158,0.001502477,108.8594898,107.1753387,-0.015470871,0
698,10/30/2021,BBY,0.005148114,0.081974272,0.110923898,-0.014152851,0.033914512,-1.81668933,0.334000373,0.040808111,-0.065508021,-0.119828456,-0.038007781,-0.176470588,-0.571428571,-0.007293597,105.5421373,121.2176361,0.148523605,1
699,1/29/2022,BBY,0.374055416,-0.129240872,-0.084681496,-0.067268253,0.016072818,2.225308436,0.320530482,-0.030040568,-0.097281831,-0.419891086,-0.016508083,-0.095238095,0,0.043170155,115.5169164,91.55636597,-0.207420274,0
700,4/30/2022,BBY,-0.349404216,-0.128713437,-0.138083402,-0.012313105,0.020532989,1.868123875,0.177029959,-0.080242212,-0.082408875,-0.689970356,-0.220466654,-0.052631579,2,0.058072562,91.68874059,87.20436096,-0.048908728,0
701,7/30/2022,BBY,-0.029867568,0.011015671,0.003444409,0.00222618,0.018831434,-0.017726778,0.190360867,-0.030523642,-0.031088083,1.084462151,-0.041520201,0,-0.592592593,-0.049390295,85.85922954,73.75991821,-0.140920334,0
702,10/29/2022,BBY,0.024978217,0.103897788,0.119821186,0.000444247,0.01609594,0.698938861,0.08014407,-0.032253445,0.048128342,-0.406345566,-0.016385809,0,9,-0.048450002,73.86614545,66.66828918,-0.09744459,0
703,1/28/2023,BBY,0.391801266,-0.071558663,-0.072711719,-0.031527531,0.018812864,-0.007773642,0.007543269,0.038445263,0.098639456,0.224082421,-0.172013042,-0.027777778,-0.034090909,0.054164359,66.42390395,89.25154114,0.343665997,1
704,6/30/2018,FISV,-0.013888889,0.005016229,0.023902168,-0.01137739,0.015614161,0.161903286,0.138620043,-0.011103063,-0.006066734,-0.446735395,-0.125672619,-0.025,-0.222222222,0.025792936,71.04000092,75.48999786,0.062640722,1
705,9/30/2018,FISV,-0.005633803,0.05186925,0.097584148,-0.011263467,0.010604734,0.019115256,-0.023339906,0.054185333,-0.002034588,2.483342744,-0.016460424,-0.025641026,0.142857143,0.007098353,73.69999695,81.05999756,0.099864327,1
706,12/31/2018,FISV,0.098441926,0.047822851,0.10906393,-0.017335315,0.006380298,0.090647421,-0.007862085,-0.052874088,0,-0.7646296,0.036295806,0,2.25,0.008926232,82.66000366,73.22000122,-0.114202783,0
707,3/31/2019,FISV,-0.031592521,0.036760788,0.034897982,-0.012852823,0.009309453,-0.320395051,-0.026411499,0.008177315,-0.036697248,1.466942149,-0.114288788,0.026315789,1.884615385,-0.017532876,73.37999725,89.86000061,0.22458441,1
708,6/30/2019,FISV,-0.035952064,0.682082905,0.841628959,0.002042379,0.012342928,-0.473676175,0.009081852,0.059290702,0.042328042,0.425181463,0.028232989,-0.076923077,-0.493333333,0.024997195,88.98000336,94.45999908,0.061586823,1
709,9/30/2019,FISV,1.056629834,2.964562118,1.574704575,0.489936306,0.012193754,-0.207234375,0.065028225,0.026201025,-0.047715736,-0.558080313,-0.053293437,0,0.210526316,-0.01826894,92.30000305,105.6800003,0.144962046,1
710,12/31/2019,FISV,0.359973136,-0.004173944,-0.030219031,0.163303694,0.008113241,0.201320047,0.071595161,0.042229998,0.036247335,-0.29787234,0.294675905,0,0.956521739,0.050617102,105,117.1299973,0.115523783,1
711,3/31/2020,FISV,-0.003209877,-0.063722772,-0.085047561,-0.003233867,-0.00776264,-0.473298921,0.00114732,-0.008722703,-0.00617284,-6.964646465,0.093161158,0.055555556,36.16666667,-0.076039177,115.1800003,99.22000122,-0.138565715,0
712,6/30/2020,FISV,-0.179588804,0.061916306,0.121760729,-0.011945141,-0.08827645,-1.422867035,-0.228725763,-0.040636545,-0.232919255,0.116215072,0.408043207,2.421052632,-0.002092676,-0.056562143,91.58000183,95.98000336,0.04804544,1
713,9/30/2020,FISV,0.107789855,-0.061237726,-0.094140206,-0.000298507,0.087881073,2.738066762,0.054409797,0.132394626,0.021592443,-1.080504457,-0.077241253,-0.323076923,-0.999400839,0.300589008,99.43000031,105.1100006,0.057125619,1
714,12/31/2020,FISV,0.044971382,0.031047919,0.04049593,0.001194386,0.01602243,-0.32651474,-0.202209278,0.070687354,0.054161162,1.191990577,0.10929026,-0.227272727,6,-0.032118814,102.8000031,116.7900009,0.136089469,1
715,3/31/2021,FISV,-0.047991654,0.002961712,0.017074352,-0.002982404,0.028065066,-0.385739032,-0.113179196,0.087553805,0.005012531,2.10424503,0.066697113,-0.088235294,-1,0.123124408,113.75,124.2900009,0.092659349,1
716,6/30/2021,FISV,0.061917808,0.012506681,0.02352661,-0.007328747,0.032853318,-1.32940312,0.573156417,0.082241037,0.067331671,0.567768738,0.025802752,-0.048387097,10000000000,0.092368624,122.2900009,108.9400024,-0.109166722,0
717,9/30/2021,FISV,0.029669763,-0.000118771,0.004653002,-0.003465421,0.021846116,-3.817313812,-0.023703672,0.056897957,-0.126168224,-0.124654963,0.007609465,-0.13559322,0.105263158,0.001502477,109.1800003,107.8899994,-0.011815359,0
718,12/31/2021,FISV,0.197694813,0.006361609,0.025843503,-0.007257333,0.033914512,-1.81668933,0.334000373,0.040808111,-0.065508021,-0.119828456,-0.038007781,-0.176470588,-0.571428571,-0.007293597,109.6200027,108.8300018,-0.007206722,0
719,3/31/2022,FISV,-0.169456067,-0.010216527,-0.021919231,-0.008833384,0.016072818,2.225308436,0.320530482,-0.030040568,-0.097281831,-0.419891086,-0.016508083,-0.095238095,0,0.043170155,103.8600006,100.5500031,-0.031869801,0
720,6/30/2022,FISV,0.076574307,0.023082019,0.044174668,-0.008604794,0.020532989,1.868123875,0.177029959,-0.080242212,-0.082408875,-0.689970356,-0.220466654,-0.052631579,2,0.058072562,103.1500015,93.05999756,-0.097818748,0
721,9/30/2022,FISV,0.012634534,-0.02035953,-0.016467,-0.008679479,0.018831434,-0.017726778,0.190360867,-0.030523642,-0.031088083,1.084462151,-0.041520201,0,-0.592592593,-0.049390295,91.44999695,98.69999695,0.079278297,1
722,12/31/2022,FISV,0.193391867,0.108791645,0.172685799,-0.009380863,0.01609594,0.698938861,0.08014407,-0.032253445,0.048128342,-0.406345566,-0.016385809,0,9,-0.048450002,94.33000183,102.1800003,0.08321847,1
723,6/30/2018,CTSH,0.02402863,-0.015885676,0.024895243,-0.010238908,0.015614161,0.161903286,0.138620043,-0.011103063,-0.006066734,-0.446735395,-0.125672619,-0.025,-0.222222222,0.025792936,74.93933298,75.23035431,0.003883426,1
724,9/30/2018,CTSH,0.01797304,0.031608807,0.033189033,0,0.010604734,0.019115256,-0.023339906,0.054185333,-0.002034588,2.483342744,-0.016460424,-0.025641026,0.142857143,0.007098353,73.37200961,70.42229462,-0.040202183,0
725,12/31/2018,CTSH,0.01250613,0.03744926,0.029329609,-0.005172414,0.006380298,0.090647421,-0.007862085,-0.052874088,0,-0.7646296,0.036295806,0,2.25,0.008926232,72.5196991,59.81510162,-0.175188227,0
726,3/31/2019,CTSH,-0.004601598,0.015776852,0.121664405,-0.013864818,0.009309453,-0.320395051,-0.026411499,0.008177315,-0.036697248,1.466942149,-0.114288788,0.026315789,1.884615385,-0.017532876,59.3831567,69.86566925,0.17652333,1
727,6/30/2019,CTSH,0.007542579,-0.03597167,0,-0.029876977,0.012342928,-0.473676175,0.009081852,0.059290702,0.042328042,0.425181463,0.028232989,-0.076923077,-0.493333333,0.024997195,68.73576907,61.13383484,-0.110596482,0
728,9/30/2019,CTSH,0.025839169,0.021073661,0.036693548,-0.003623188,0.012193754,-0.207234375,0.065028225,0.026201025,-0.047715736,-0.558080313,-0.053293437,0,0.210526316,-0.01826894,60.90710033,57.44699478,-0.05680956,0
729,12/31/2019,CTSH,0.008474576,0.022721535,0.007779074,-0.003636364,0.008113241,0.201320047,0.071595161,0.042229998,0.036247335,-0.29787234,0.294675905,0,0.956521739,0.050617102,57.13421449,57.65737534,0.0091567,1
730,3/31/2020,CTSH,-0.013772176,0.075598618,0.315322269,-0.012773723,-0.00776264,-0.473298921,0.00114732,-0.008722703,-0.00617284,-6.964646465,0.093161158,0.055555556,36.16666667,-0.076039177,58.03770249,51.77382278,-0.107927768,0
731,6/30/2020,CTSH,-0.053254438,0.045154627,0.062793427,0.001848429,-0.08827645,-1.422867035,-0.228725763,-0.040636545,-0.232919255,0.116215072,0.408043207,2.421052632,-0.002092676,-0.056562143,43.69489584,53.4257431,0.222699862,1
732,9/30/2020,CTSH,0.06075,0.031346069,0.055632247,-0.005535055,0.087881073,2.738066762,0.054409797,0.132394626,0.021592443,-1.080504457,-0.077241253,-0.323076923,-0.999400839,0.300589008,54.59425284,70.22655487,0.286336037,1
733,12/31/2020,CTSH,-0.013905256,-0.099217544,-0.204001569,-0.016697588,0.01602243,-0.32651474,-0.202209278,0.070687354,0.054161162,1.191990577,0.10929026,-0.227272727,6,-0.032118814,66.90165326,78.97587585,0.180477193,1
734,3/31/2021,CTSH,0.051864245,-0.01554098,-0.076228027,-0.003773585,0.028065066,-0.385739032,-0.113179196,0.087553805,0.005012531,2.10424503,0.066697113,-0.088235294,-1,0.123124408,79.0240642,77.87223053,-0.014575733,0
735,6/30/2021,CTSH,0.04180868,0.010144058,0.000177841,-0.005681818,0.032853318,-1.32940312,0.573156417,0.082241037,0.067331671,0.567768738,0.025802752,-0.048387097,10000000000,0.092368624,76.55744124,67.06834412,-0.123947417,0
736,9/30/2021,CTSH,0.034678299,0.023946759,0.011024182,0,0.021846116,-3.817313812,-0.023703672,0.056897957,-0.126168224,-0.124654963,0.007609465,-0.13559322,0.105263158,0.001502477,67.4272604,73.4580307,0.089441129,1
737,12/31/2021,CTSH,0.006956155,0.035979573,0.030777348,0,0.033914512,-1.81668933,0.334000373,0.040808111,-0.065508021,-0.119828456,-0.038007781,-0.176470588,-0.571428571,-0.007293597,72.97148922,85.31974792,0.169220319,1
738,3/31/2022,CTSH,0.010257484,-0.023414743,-0.068247739,-0.007619048,0.016072818,2.225308436,0.320530482,-0.030040568,-0.097281831,-0.419891086,-0.016508083,-0.095238095,0,0.043170155,86.54947873,87.08569336,0.006195469,1
739,6/30/2022,CTSH,0.016576875,-0.010095216,-0.028016847,-0.005758157,0.020532989,1.868123875,0.177029959,-0.080242212,-0.082408875,-0.689970356,-0.220466654,-0.052631579,2,0.058072562,88.21146541,65.86115265,-0.25337197,0
740,9/30/2022,CTSH,-0.00998777,0.005157029,0.015259985,-0.007722008,0.018831434,-0.017726778,0.190360867,-0.030523642,-0.031088083,1.084462151,-0.041520201,0,-0.592592593,-0.049390295,66.27389612,57.70477676,-0.12929856,0
741,12/31/2022,CTSH,-0.003705991,0.029111662,0.02857673,-0.009727626,0.01609594,0.698938861,0.08014407,-0.032253445,0.048128342,-0.406345566,-0.016385809,0,9,-0.048450002,57.458133,59.2169838,0.030610998,1
742,6/30/2018,DISH,-0.497238372,0.017123,0,0,0.015614161,0.161903286,0.138620043,-0.011103063,-0.006066734,-0.446735395,-0.125672619,-0.025,-0.222222222,0.025792936,37.65999985,34.99000168,-0.070897456,0
743,9/30/2018,DISH,-0.017924256,0.016424958,0.001447043,0.00031021,0.010604734,0.019115256,-0.023339906,0.054185333,-0.002034588,2.483342744,-0.016460424,-0.025641026,0.142857143,0.007098353,33.50999832,34.29999924,0.023575081,1
744,12/31/2018,DISH,-0.026493965,0.014931811,0.003682297,0.000389247,0.006380298,0.090647421,-0.007862085,-0.052874088,0,-0.7646296,0.036295806,0,2.25,0.008926232,35.84000015,28.28000069,-0.210937484,0
745,3/31/2019,DISH,-0.038100998,0.035930297,0.03348349,0.000429715,0.009309453,-0.320395051,-0.026411499,0.008177315,-0.036697248,1.466942149,-0.114288788,0.026315789,1.884615385,-0.017532876,25.35000038,34.70000076,0.368836301,1
746,6/30/2019,DISH,0.007544797,0.018872688,0.00876247,0.003637117,0.012342928,-0.473676175,0.009081852,0.059290702,0.042328042,0.425181463,0.028232989,-0.076923077,-0.493333333,0.024997195,32.04999924,39.97000122,0.247113952,1
747,9/30/2019,DISH,-0.014040562,-0.015890224,-0.061249944,0.016693105,0.012193754,-0.207234375,0.065028225,0.026201025,-0.047715736,-0.558080313,-0.053293437,0,0.210526316,-0.01826894,39.08000183,34.06000137,-0.128454458,0
748,12/31/2019,DISH,0.025632911,0.045953857,0.001945525,0.054293762,0.008113241,0.201320047,0.071595161,0.042229998,0.036247335,-0.29787234,0.294675905,0,0.956521739,0.050617102,32.90999985,35.36000061,0.074445481,1
749,3/31/2020,DISH,-0.013884604,0.013300834,0.015202463,0.0391959,-0.00776264,-0.473298921,0.00114732,-0.008722703,-0.00617284,-6.964646465,0.093161158,0.055555556,36.16666667,-0.076039177,35.56999969,23.06999969,-0.351419739,0
750,6/30/2020,DISH,-0.008135169,-0.00522674,-0.032841948,0.002179099,-0.08827645,-1.422867035,-0.228725763,-0.040636545,-0.232919255,0.116215072,0.408043207,2.421052632,-0.002092676,-0.056562143,20.18000031,31.87000084,0.57928644,1
751,9/30/2020,DISH,0.42807571,0.077708452,0.098543315,0.002365094,0.087881073,2.738066762,0.054409797,0.132394626,0.021592443,-1.080504457,-0.077241253,-0.323076923,-0.999400839,0.300589008,33.68000031,27.32999992,-0.188539202,0
752,12/31/2020,DISH,0.006626905,0.059279778,0.058572997,0.000998988,0.01602243,-0.32651474,-0.202209278,0.070687354,0.054161162,1.191990577,0.10929026,-0.227272727,6,-0.032118814,28.87000084,33.15999985,0.148597121,1
753,3/31/2021,DISH,-0.013824885,0.01498431,0.028163756,0.000975179,0.028065066,-0.385739032,-0.113179196,0.087553805,0.005012531,2.10424503,0.066697113,-0.088235294,-1,0.123124408,32.43000031,37.56000137,0.158186895,1
754,6/30/2021,DISH,-0.002447708,0.020895061,0.004437631,0.002126973,0.032853318,-1.32940312,0.573156417,0.082241037,0.067331671,0.567768738,0.025802752,-0.048387097,10000000000,0.092368624,37.08000183,41.5,0.119201671,1
755,9/30/2021,DISH,-0.008253402,0.040127196,0.039280263,0.001021433,0.021846116,-3.817313812,-0.023703672,0.056897957,-0.126168224,-0.124654963,0.007609465,-0.13559322,0.105263158,0.001502477,42.47000122,44.50999832,0.048033837,1
756,12/31/2021,DISH,0.000224921,0.164701315,0.239720204,0.001207809,0.033914512,-1.81668933,0.334000373,0.040808111,-0.065508021,-0.119828456,-0.038007781,-0.176470588,-0.571428571,-0.007293597,45.13000107,34.38000107,-0.238200748,0
757,3/31/2022,DISH,-0.026759613,0.024998958,0.022787493,0.000378167,0.016072818,2.225308436,0.320530482,-0.030040568,-0.097281831,-0.419891086,-0.016508083,-0.095238095,0,0.043170155,32.54999924,32.34000015,-0.006451585,0
758,6/30/2022,DISH,-0.027726433,0.013332791,0.002133496,0.001935483,0.020532989,1.868123875,0.177029959,-0.080242212,-0.082408875,-0.689970356,-0.220466654,-0.052631579,2,0.058072562,32.15999985,18.34000015,-0.429726361,0
759,9/30/2022,DISH,-0.02756654,-0.017148702,-0.039963504,0.000650832,0.018831434,-0.017726778,0.190360867,-0.030523642,-0.031088083,1.084462151,-0.041520201,0,-0.592592593,-0.049390295,18.02000046,14.06000042,-0.219755823,0
760,12/31/2022,DISH,-0.011974585,0.073546518,0.083380853,0.000772949,0.01609594,0.698938861,0.08014407,-0.032253445,0.048128342,-0.406345566,-0.016385809,0,9,-0.048450002,14.14000034,15.64000034,0.106082034,1
761,1/14/2022,DISH,-0.12225,-0.311574505,-1,-1,0.016072818,2.225308436,0.320530482,-0.030040568,-0.097281831,-0.419891086,-0.016508083,-0.095238095,0,0.043170155,42.97000122,31.76000023,-0.260879699,0
762,8/4/2018,ADI,0.039656312,-0.010926069,-0.048964773,0.002084137,0.010604734,0.019115256,-0.023339906,0.054185333,-0.002034588,2.483342744,-0.016460424,-0.025641026,0.142857143,0.007098353,81.66689896,86.69129944,0.061523096,1
763,11/3/2018,ADI,0.01525747,-0.005401723,-0.053858853,-0.004062744,0.006380298,0.090647421,-0.007862085,-0.052874088,0,-0.7646296,0.036295806,0,2.25,0.008926232,87.83269528,80.36497498,-0.085022101,0
764,2/2/2019,ADI,-0.035065748,0.068010569,0.117011996,-0.004987033,0.009309453,-0.320395051,-0.026411499,0.008177315,-0.036697248,1.466942149,-0.114288788,0.026315789,1.884615385,-0.017532876,79.90621839,92.91899109,0.162850564,1
765,5/4/2019,ADI,-0.00908501,-0.002382261,-0.020404178,0.003928713,0.012342928,-0.473676175,0.009081852,0.059290702,0.042328042,0.425181463,0.028232989,-0.076923077,-0.493333333,0.024997195,92.67915057,102.5463715,0.106466458,1
766,8/3/2019,ADI,-0.030779306,-0.009597722,-0.025712577,-0.00096008,0.012193754,-0.207234375,0.065028225,0.026201025,-0.047715736,-0.558080313,-0.053293437,0,0.210526316,-0.01826894,105.7636955,103.1698532,-0.024524883,0
767,11/2/2019,ADI,-0.059459459,-0.008067881,-0.009513093,-0.002988582,0.008113241,0.201320047,0.071595161,0.042229998,0.036247335,-0.29787234,0.294675905,0,0.956521739,0.050617102,102.0324292,105.8994522,0.037899941,1
768,2/1/2020,ADI,-0.063218391,-0.000747908,0.000413095,-0.000222643,-0.00776264,-0.473298921,0.00114732,-0.008722703,-0.00617284,-6.964646465,0.093161158,0.055555556,36.16666667,-0.076039177,104.07231,105.6956787,0.015598469,1
769,5/2/2020,ADI,0.009969325,-0.00121626,0.007535873,0.000556732,-0.08827645,-1.422867035,-0.228725763,-0.040636545,-0.232919255,0.116215072,0.408043207,2.421052632,-0.002092676,-0.056562143,104.2176152,103.959816,-0.002473663,0
770,8/1/2020,ADI,0.105542901,0.011662217,0.006352459,0.002011264,0.087881073,2.738066762,0.054409797,0.132394626,0.021592443,-1.080504457,-0.077241253,-0.323076923,-0.999400839,0.300589008,97.61791275,110.7014389,0.134027924,1
771,10/31/2020,ADI,0.01510989,-0.006064815,-0.035736103,0.00086411,0.01602243,-0.32651474,-0.202209278,0.070687354,0.054161162,1.191990577,0.10929026,-0.227272727,6,-0.032118814,110.273178,127.7086334,0.158111481,1
772,1/30/2021,ADI,0.054127199,-0.001350785,-0.012564671,-0.001599524,0.028065066,-0.385739032,-0.113179196,0.087553805,0.005012531,2.10424503,0.066697113,-0.088235294,-1,0.123124408,114.9282033,142.9366455,0.24370382,1
773,5/1/2021,ADI,0.066110398,0.006902985,0.007378101,-0.000181624,0.032853318,-1.32940312,0.573156417,0.082241037,0.067331671,0.567768738,0.025802752,-0.048387097,10000000000,0.092368624,142.5330886,151.751236,0.064673736,1
774,7/31/2021,ADI,0.059000602,0.002455068,-0.004670417,-0.001662026,0.021846116,-3.817313812,-0.023703672,0.056897957,-0.126168224,-0.124654963,0.007609465,-0.13559322,0.105263158,0.001502477,148.6054378,165.8335876,0.115932163,1
775,10/30/2021,ADI,0.176805003,1.417725613,0.528207316,0.426700234,0.033914512,-1.81668933,0.334000373,0.040808111,-0.065508021,-0.119828456,-0.038007781,-0.176470588,-0.571428571,-0.007293597,163.420647,179.2338104,0.096763559,1
776,1/29/2022,ADI,0.271497585,-0.021138336,-0.037822749,-0.00383758,0.016072818,2.225308436,0.320530482,-0.030040568,-0.097281831,-0.419891086,-0.016508083,-0.095238095,0,0.043170155,168.5292171,157.3057098,-0.066596804,0
777,4/30/2022,ADI,0.11056231,-0.008102937,-0.006309835,-0.00670533,0.020532989,1.868123875,0.177029959,-0.080242212,-0.082408875,-0.689970356,-0.220466654,-0.052631579,2,0.058072562,154.6583948,153.2633514,-0.00902016,0
778,7/30/2022,ADI,0.04652754,-0.008956517,0.000510912,-0.010511614,0.018831434,-0.017726778,0.190360867,-0.030523642,-0.031088083,1.084462151,-0.041520201,0,-0.592592593,-0.049390295,152.487848,174.8056488,0.146357897,1
779,10/29/2022,ADI,0.044785878,-0.000873952,0.009410563,-0.009810593,0.01609594,0.698938861,0.08014407,-0.032253445,0.048128342,-0.406345566,-0.016385809,0,9,-0.048450002,168.3558447,142.9850616,-0.15069737,0
780,1/28/2023,ADI,-0.002190238,-0.001331955,-0.00968418,-0.006762276,0.018812864,-0.007773642,0.007543269,0.038445263,0.098639456,0.224082421,-0.172013042,-0.027777778,-0.034090909,0.054164359,142.5094069,177.9916534,0.248981785,1
781,6/30/2018,ADP,-0.102813853,-0.118390596,-0.147941852,-0.006565542,0.015614161,0.161903286,0.138620043,-0.011103063,-0.006066734,-0.446735395,-0.125672619,-0.025,-0.222222222,0.025792936,103.9525754,121.6799316,0.170533112,1
782,9/30/2018,ADP,-0.001809409,-0.036860666,-0.040307214,-0.001367366,0.010604734,0.019115256,-0.023339906,0.054185333,-0.002034588,2.483342744,-0.016460424,-0.025641026,0.142857143,0.007098353,120.2656834,137.5280914,0.143535608,1
783,12/31/2018,ADP,0.054984894,0.037122164,0.039831389,-0.004564126,0.006380298,0.090647421,-0.007862085,-0.052874088,0,-0.7646296,0.036295806,0,2.25,0.008926232,137.8833194,120.2194366,-0.128107467,0
784,3/31/2019,ADP,0.096219931,0.241972891,0.261676752,-0.001604768,0.009309453,-0.320395051,-0.026411499,0.008177315,-0.036697248,1.466942149,-0.114288788,0.026315789,1.884615385,-0.017532876,119.1568415,147.6404877,0.239043313,1
785,6/30/2019,ADP,-0.091170324,-0.130882231,-0.150454016,-0.002985075,0.012342928,-0.473676175,0.009081852,0.059290702,0.042328042,0.425181463,0.028232989,-0.076923077,-0.493333333,0.024997195,148.4323731,152.5133209,0.027493651,1
786,9/30/2019,ADP,0.004886462,-0.099622804,-0.113297522,-0.001842469,0.012193754,-0.207234375,0.065028225,0.026201025,-0.047715736,-0.558080313,-0.053293437,0,0.210526316,-0.01826894,155.0854324,151.107605,-0.025649265,0
787,12/31/2019,ADP,0.049771167,0.300782182,0.350528528,-0.00369174,0.008113241,0.201320047,0.071595161,0.042229998,0.036247335,-0.29787234,0.294675905,0,0.956521739,0.050617102,147.7882889,159.9461212,0.082265194,1
788,3/31/2020,ADP,0.102997275,-0.115697426,-0.132784071,-0.004631774,-0.00776264,-0.473298921,0.00114732,-0.008722703,-0.00617284,-6.964646465,0.093161158,0.055555556,36.16666667,-0.076039177,158.0670469,134.0612488,-0.151870985,0
789,6/30/2020,ADP,-0.16576087,-0.097203974,-0.118227641,0.000232666,-0.08827645,-1.422867035,-0.228725763,-0.040636545,-0.232919255,0.116215072,0.408043207,2.421052632,-0.002092676,-0.056562143,126.987567,139.247345,0.096543137,1
790,9/30/2020,ADP,0.027835357,0.082316295,0.094813396,-0.001395673,0.087881073,2.738066762,0.054409797,0.132394626,0.021592443,-1.080504457,-0.077241253,-0.323076923,-0.999400839,0.300589008,144.2336473,142.7293396,-0.010429659,0
791,12/31/2020,ADP,0.060789398,0.163623496,0.187118996,-0.002795248,0.01602243,-0.32651474,-0.202209278,0.070687354,0.054161162,1.191990577,0.10929026,-0.227272727,6,-0.032118814,132.6711241,163.7982483,0.234618681,1
792,3/31/2021,ADP,0.11026616,0.103028829,0.122230922,-0.004905396,0.028065066,-0.385739032,-0.113179196,0.087553805,0.005012531,2.10424503,0.066697113,-0.088235294,-1,0.123124408,168.5096606,182.3399506,0.082074167,1
793,6/30/2021,ADP,-0.078277886,-0.103569328,-0.115566135,-0.005399061,0.032853318,-1.32940312,0.573156417,0.082241037,0.067331671,0.567768738,0.025802752,-0.048387097,10000000000,0.092368624,182.7057132,197.0092163,0.078287115,1
794,9/30/2021,ADP,0.012473461,0.229922293,0.267597791,-0.004012273,0.021846116,-3.817313812,-0.023703672,0.056897957,-0.126168224,-0.124654963,0.007609465,-0.13559322,0.105263158,0.001502477,195.6553399,200.276825,0.023620541,1
795,12/31/2021,ADP,0.050327654,-0.014736526,-0.01067062,-0.003791469,0.033914512,-1.81668933,0.334000373,0.040808111,-0.065508021,-0.119828456,-0.038007781,-0.176470588,-0.571428571,-0.007293597,194.671479,233.0587311,0.197189913,1
796,3/31/2022,ADP,0.12153731,0.219362807,0.255711986,-0.005233111,0.016072818,2.225308436,0.320530482,-0.030040568,-0.097281831,-0.419891086,-0.016508083,-0.095238095,0,0.043170155,239.1281734,233.1121979,-0.025157954,0
797,6/30/2022,ADP,-0.069203382,-0.124882056,-0.118335175,-0.005021521,0.020532989,1.868123875,0.177029959,-0.080242212,-0.082408875,-0.689970356,-0.220466654,-0.052631579,2,0.058072562,229.2385872,214.0796051,-0.066127532,0
798,9/30/2022,ADP,-0.004781257,-0.264841124,-0.268285347,-0.002162942,0.018831434,-0.017726778,0.190360867,-0.030523642,-0.031088083,1.084462151,-0.041520201,0,-0.592592593,-0.049390295,207.5469554,224.7519531,0.082896893,1
799,12/31/2022,ADP,0.03819361,0.174441928,0.175344843,-0.001926782,0.01609594,0.698938861,0.08014407,-0.032253445,0.048128342,-0.406345566,-0.016385809,0,9,-0.048450002,225.9691395,238.8075714,0.056814979,1
804,7/31/2019,ZM,0.195412664,0.071015323,0.167558105,1.477581602,0.012193754,-0.207234375,0.065028225,0.026201025,-0.047715736,-0.558080313,-0.053293437,0,0.210526316,-0.01826894,75.01000214,94.19999695,0.255832479,1
805,10/31/2019,ZM,0.142409447,0.110280374,0.274166199,0.005533216,0.008113241,0.201320047,0.071595161,0.042229998,0.036247335,-0.29787234,0.294675905,0,0.956521739,0.050617102,90.69999695,69.84999847,-0.229878712,0
806,1/31/2020,ZM,0.130005462,0.085858586,0.097131443,0.012300735,-0.00776264,-0.473298921,0.00114732,-0.008722703,-0.00617284,-6.964646465,0.093161158,0.055555556,36.16666667,-0.076039177,70.80999756,88.63999939,0.251800628,1
807,4/30/2020,ZM,0.743241736,0.603100775,1.557567196,0.011609121,-0.08827645,-1.422867035,-0.228725763,-0.040636545,-0.232919255,0.116215072,0.408043207,2.421052632,-0.002092676,-0.056562143,77.69000244,155.3999939,1.000257292,1
808,7/31/2020,ZM,1.021897388,0.26934236,0.222984563,0.010575545,0.087881073,2.738066762,0.054409797,0.132394626,0.021592443,-1.080504457,-0.077241253,-0.323076923,-0.999400839,0.300589008,140.7700043,258.730011,0.837962656,1
809,10/31/2020,ZM,0.171322643,0.161904762,0.086956522,0.006830451,0.01602243,-0.32651474,-0.202209278,0.070687354,0.054161162,1.191990577,0.10929026,-0.227272727,6,-0.032118814,256.8299866,500.1099854,0.947241411,1
810,1/31/2021,ZM,0.135472905,0.73704918,-0.072903226,0.010316627,0.028065066,-0.385739032,-0.113179196,0.087553805,0.005012531,2.10424503,0.066697113,-0.088235294,-1,0.123124408,462.2900085,419.5899963,-0.092366288,0
811,4/30/2021,ZM,0.083573092,0.111551529,0.180236604,0.021110729,0.032853318,-1.32940312,0.573156417,0.082241037,0.067331671,0.567768738,0.025802752,-0.048387097,10000000000,0.092368624,369,295.2399902,-0.199891625,0
812,7/31/2021,ZM,0.067726934,0.105281032,0.091391509,0.006528362,0.021846116,-3.817313812,-0.023703672,0.056897957,-0.126168224,-0.124654963,0.007609465,-0.13559322,0.105263158,0.001502477,320.2399902,383.4700012,0.197445706,1
813,10/31/2021,ZM,0.029382958,0.072207712,0.007563479,0.005620314,0.033914512,-1.81668933,0.334000373,0.040808111,-0.065508021,-0.119828456,-0.038007781,-0.176470588,-0.571428571,-0.007293597,378,264.7000122,-0.299735417,0
814,1/31/2022,ZM,0.019029496,0.081960166,-0.050402145,0.003436738,0.016072818,2.225308436,0.320530482,-0.030040568,-0.097281831,-0.419891086,-0.016508083,-0.095238095,0,0.043170155,273.2000122,144.1000061,-0.472547585,0
815,4/30/2022,ZM,0.00280112,0.053767713,0.134387352,0.00251343,0.020532989,1.868123875,0.177029959,-0.080242212,-0.082408875,-0.689970356,-0.220466654,-0.052631579,2,0.058072562,146.6699982,96.37999725,-0.342878581,0
816,7/31/2022,ZM,0.023277467,0.011436471,0.023892484,-0.001985646,0.018831434,-0.017726778,0.190360867,-0.030523642,-0.031088083,1.084462151,-0.041520201,0,-0.592592593,-0.049390295,99.15000153,113.8499985,0.148260179,1
817,10/31/2022,ZM,0.002729754,-0.026217694,0.011667477,-0.010102059,0.01609594,0.698938861,0.08014407,-0.032253445,0.048128342,-0.406345566,-0.016385809,0,9,-0.048450002,103.3799973,88.31999969,-0.145676127,0
818,1/31/2023,ZM,0.014519056,0.037131555,-0.076886112,-0.008773859,0.018812864,-0.007773642,0.007543269,0.038445263,0.098639456,0.224082421,-0.172013042,-0.027777778,-0.034090909,0.054164359,78.06999969,74.20999908,-0.049442816,0
819,8/30/2018,MU,0.082467616,0.036587406,-0.179354001,0.000862069,0.010604734,0.019115256,-0.023339906,0.054185333,-0.002034588,2.483342744,-0.016460424,-0.025641026,0.142857143,0.007098353,56.73453182,44.31675339,-0.218875137,0
820,11/29/2018,MU,-0.06528436,0.028103098,-0.035106804,-0.035314384,0.006380298,0.090647421,-0.007862085,-0.052874088,0,-0.7646296,0.036295806,0,2.25,0.008926232,51.50859258,34.8823967,-0.3227849,0
821,2/28/2019,MU,-0.264165293,0.06485032,0.225581634,-0.0125,0.009309453,-0.320395051,-0.026411499,0.008177315,-0.036697248,1.466942149,-0.114288788,0.026315789,1.884615385,-0.017532876,39.71317812,38.18196106,-0.038556901,0
822,5/30/2019,MU,-0.180361757,-0.025249016,-0.163823382,-0.001808318,0.012342928,-0.473676175,0.009081852,0.059290702,0.042328042,0.425181463,0.028232989,-0.076923077,-0.493333333,0.024997195,41.37284623,33.57839203,-0.188395407,0
823,8/29/2019,MU,0.023539302,0.056148462,0.202020202,0.001811594,0.012193754,-0.207234375,0.065028225,0.026201025,-0.047715736,-0.558080313,-0.053293437,0,0.210526316,-0.01826894,32.55098524,48.37698364,0.486191072,1
824,11/28/2019,MU,0.054825462,0.015586966,0.085864049,0.001808318,0.008113241,0.201320047,0.071595161,0.042229998,0.036247335,-0.29787234,0.294675905,0,0.956521739,0.050617102,44.05990081,47.34957504,0.074663678,1
825,2/27/2020,MU,-0.075530465,-2.01E-05,-0.04015018,0.003610108,-0.00776264,-0.473298921,0.00114732,-0.008722703,-0.00617284,-6.964646465,0.093161158,0.055555556,36.16666667,-0.076039177,46.99393399,50.84671021,0.081984543,1
826,5/28/2020,MU,0.13371236,0.047474218,0.124531013,0,-0.08827645,-1.422867035,-0.228725763,-0.040636545,-0.232919255,0.116215072,0.408043207,2.421052632,-0.002092676,-0.056562143,52.55575981,53.06946182,0.009774419,1
827,9/3/2020,MU,0.117384844,0.032169984,0.042237524,0.000899281,0.087881073,2.738066762,0.054409797,0.132394626,0.021592443,-1.080504457,-0.077241253,-0.323076923,-0.999400839,0.300589008,53.84001571,45.53186417,-0.154311834,0
828,12/3/2020,MU,-0.048371011,0.000242185,-0.061163329,0.00359389,0.01602243,-0.32651474,-0.202209278,0.070687354,0.054161162,1.191990577,0.10929026,-0.227272727,6,-0.032118814,44.44518634,69.67589569,0.567681484,1
829,3/4/2021,MU,0.081921397,0.008269542,-0.022634939,0.003581021,0.028065066,-0.385739032,-0.113179196,0.087553805,0.005012531,2.10424503,0.066697113,-0.088235294,-1,0.123124408,72.4024748,86.7071228,0.197571258,1
830,6/3/2021,MU,0.190668389,0.033397987,0.015736342,-0.000892061,0.032853318,-1.32940312,0.573156417,0.082241037,0.067331671,0.567768738,0.025802752,-0.048387097,10000000000,0.092368624,87.49743801,78.37919617,-0.104211529,0
831,9/2/2021,MU,0.118779661,0.05194573,0.090032154,-0.000892857,0.021846116,-3.817313812,-0.023703672,0.056897957,-0.126168224,-0.124654963,0.007609465,-0.13559322,0.105263158,0.001502477,82.18257905,72.60993195,-0.116480247,0
832,12/2/2021,MU,-0.083868622,0.040731363,0.028291767,0.000893655,0.033914512,-1.81668933,0.334000373,0.040808111,-0.065508021,-0.119828456,-0.038007781,-0.176470588,-0.571428571,-0.007293597,72.86678552,84.62224579,0.161328103,1
833,3/3/2022,MU,0.022754333,0.040002612,0.033446342,-0.001785714,0.016072818,2.225308436,0.320530482,-0.030040568,-0.097281831,-0.419891086,-0.016508083,-0.095238095,0,0.043170155,80.95205113,72.11551666,-0.109157635,0
834,6/2/2022,MU,0.117837278,0.025119317,0.01034635,-0.011627907,0.020532989,1.868123875,0.177029959,-0.080242212,-0.082408875,-0.689970356,-0.220466654,-0.052631579,2,0.058072562,80.96903078,62.09894562,-0.233053119,0
835,9/1/2022,MU,-0.231312196,0.01511578,0.022541367,-0.009954751,0.018831434,-0.017726778,0.190360867,-0.030523642,-0.031088083,1.084462151,-0.041520201,0,-0.592592593,-0.049390295,70.15137904,57.07357407,-0.186422636,0
836,12/1/2022,MU,-0.385066988,0.024003138,0.133854421,-0.00274223,0.01609594,0.698938861,0.08014407,-0.032253445,0.048128342,-0.406345566,-0.016385809,0,9,-0.048450002,55.97065823,54.63500595,-0.023863437,0
837,3/2/2023,MU,-0.117747858,-0.019948729,0.037429987,0.002749771,0.018812864,-0.007773642,0.007543269,0.038445263,0.098639456,0.224082421,-0.172013042,-0.027777778,-0.034090909,0.054164359,54.13714731,54.81921387,0.012598864,1
838,7/29/2018,AMAT,-0.091067919,-0.033246837,-0.03474162,-0.034013605,0.010604734,0.019115256,-0.023339906,0.054185333,-0.002034588,2.483342744,-0.016460424,-0.025641026,0.142857143,0.007098353,46.31264314,45.85921097,-0.009790678,0
839,10/28/2018,AMAT,-0.096828448,-0.013979757,-0.024416712,-0.027162978,0.006380298,0.090647421,-0.007862085,-0.052874088,0,-0.7646296,0.036295806,0,2.25,0.008926232,45.33338744,33.26946259,-0.266115672,0
840,1/27/2019,AMAT,-0.001596169,0.073101571,-0.006952169,-0.010341262,0.009309453,-0.320395051,-0.026411499,0.008177315,-0.036697248,1.466942149,-0.114288788,0.026315789,1.884615385,-0.017532876,30.79807173,37.28881073,0.210751473,1
841,4/28/2019,AMAT,-0.05702105,-0.007768735,-0.01297489,-0.015673981,0.012342928,-0.473676175,0.009081852,0.059290702,0.042328042,0.425181463,0.028232989,-0.076923077,-0.493333333,0.024997195,35.68570264,41.91300964,0.174504256,1
842,7/28/2019,AMAT,0.006499011,0.00159787,0.010875733,-0.013800425,0.012193754,-0.207234375,0.065028225,0.026201025,-0.047715736,-0.558080313,-0.053293437,0,0.210526316,-0.01826894,42.49460569,45.56771851,0.072317716,1
843,10/27/2019,AMAT,0.053902302,0.011645839,0.011320049,-0.013993541,0.008113241,0.201320047,0.071595161,0.042229998,0.036247335,-0.29787234,0.294675905,0,0.956521739,0.050617102,48.35640528,53.38787842,0.104049776,1
844,1/26/2020,AMAT,0.10868407,0.039055929,0.027474561,0,-0.00776264,-0.473298921,0.00114732,-0.008722703,-0.00617284,-6.964646465,0.093161158,0.055555556,36.16666667,-0.076039177,53.93658154,56.01638794,0.038560219,1
845,4/26/2020,AMAT,-0.049255166,0.103607022,0.151616098,0.001091703,-0.08827645,-1.422867035,-0.228725763,-0.040636545,-0.232919255,0.116215072,0.408043207,2.421052632,-0.002092676,-0.056562143,57.90968102,45.43689346,-0.215383462,0
846,7/26/2020,AMAT,0.110689917,-0.029520972,-0.092955985,-0.002181025,0.087881073,2.738066762,0.054409797,0.132394626,0.021592443,-1.080504457,-0.077241253,-0.323076923,-0.999400839,0.300589008,50.87304197,62.58465195,0.230212496,1
847,10/25/2020,AMAT,0.066666667,0.05583109,0.014911222,-0.001092896,0.01602243,-0.32651474,-0.202209278,0.070687354,0.054161162,1.191990577,0.10929026,-0.227272727,6,-0.032118814,59.95790543,57.81449127,-0.03574865,0
848,1/31/2021,AMAT,0.101109215,0.042589362,0.004840764,0.001094092,0.028065066,-0.385739032,-0.113179196,0.087553805,0.005012531,2.10424503,0.066697113,-0.088235294,-1,0.123124408,58.51727837,98.594841,0.684884256,1
849,5/2/2021,AMAT,0.074970941,0.033469213,0.021974307,0.003278689,0.032853318,-1.32940312,0.573156417,0.082241037,0.067331671,0.567768738,0.025802752,-0.048387097,10000000000,0.092368624,99.71090308,130.4047394,0.307828285,1
850,8/1/2021,AMAT,0.107947378,0.016358729,0.027042673,-0.010893246,0.021846116,-3.817313812,-0.023703672,0.056897957,-0.126168224,-0.124654963,0.007609465,-0.13559322,0.105263158,0.001502477,131.6798546,140.1636963,0.064427788,1
851,10/31/2021,AMAT,-0.020657124,0.054985906,0.093324744,-0.017621145,0.033914512,-1.81668933,0.334000373,0.040808111,-0.065508021,-0.119828456,-0.038007781,-0.176470588,-0.571428571,-0.007293597,138.581757,150.8937836,0.088843055,1
852,1/30/2022,AMAT,0.030725793,-0.015372701,-0.002945942,-0.003363229,0.016072818,2.225308436,0.320530482,-0.030040568,-0.097281831,-0.419891086,-0.016508083,-0.095238095,0,0.043170155,134.8387418,133.6661987,-0.008695892,0
853,5/1/2022,AMAT,0.006284241,0.001219129,0.025262225,-0.012373453,0.020532989,1.868123875,0.177029959,-0.080242212,-0.082408875,-0.689970356,-0.220466654,-0.052631579,2,0.058072562,133.8535087,111.1201477,-0.169837617,0
854,7/31/2022,AMAT,0.038270616,0.027573746,0.015201729,-0.01594533,0.018831434,-0.017726778,0.190360867,-0.030523642,-0.031088083,1.084462151,-0.041520201,0,-0.592592593,-0.049390295,109.7373177,108.5402298,-0.010908667,0
855,10/30/2022,AMAT,0.034238125,0.021597034,0.031296572,-0.023148148,0.01609594,0.698938861,0.08014407,-0.032253445,0.048128342,-0.406345566,-0.016385809,0,9,-0.048450002,103.4607562,91.02893066,-0.120159817,0
856,1/29/2023,AMAT,-0.009394572,0.04613485,0.000481696,0.001184834,0.018812864,-0.007773642,0.007543269,0.038445263,0.098639456,0.224082421,-0.172013042,-0.027777778,-0.034090909,0.054164359,88.2097176,119.3919907,0.353501563,1
861,9/30/2019,FSLY,0.078487428,-0.081531865,-0.237485121,-0.000877672,0.012193754,-0.207234375,0.065028225,0.026201025,-0.047715736,-0.558080313,-0.053293437,0,0.210526316,-0.01826894,20.5,24.07999992,0.174634143,1
862,12/31/2019,FSLY,0.183525112,-0.019403031,-0.06756498,0.015758407,0.008113241,0.201320047,0.071595161,0.042229998,0.036247335,-0.29787234,0.294675905,0,0.956521739,0.050617102,22.97999954,21.22999954,-0.076153178,0
863,3/31/2020,FSLY,0.067666621,0.008963482,0.070739296,0.006148622,-0.00776264,-0.473298921,0.00114732,-0.008722703,-0.00617284,-6.964646465,0.093161158,0.055555556,36.16666667,-0.076039177,21.39999962,20.75,-0.030373814,0
864,6/30/2020,FSLY,0.186558388,0.877015619,-0.030931028,0.0464775,-0.08827645,-1.422867035,-0.228725763,-0.040636545,-0.232919255,0.116215072,0.408043207,2.421052632,-0.002092676,-0.056562143,20.06999969,94.91000366,3.728948934,1
865,9/30/2020,FSLY,-0.053908897,0.03891331,0.467267386,0.061170932,0.087881073,2.738066762,0.054409797,0.132394626,0.021592443,-1.080504457,-0.077241253,-0.323076923,-0.999400839,0.300589008,83.25,126.5800018,0.520480502,1
866,12/31/2020,FSLY,0.170035958,0.93185309,0.639930289,0.072501935,0.01602243,-0.32651474,-0.202209278,0.070687354,0.054161162,1.191990577,0.10929026,-0.227272727,6,-0.032118814,97.09999847,88.22000122,-0.091452084,0
867,3/31/2021,FSLY,0.02665489,0.752459016,5.913958225,0.004497329,0.028065066,-0.385739032,-0.113179196,0.087553805,0.005012531,2.10424503,0.066697113,-0.088235294,-1,0.123124408,87.26000214,67.86000061,-0.222324101,0
868,6/30/2021,FSLY,0.002050629,-0.000467727,0.013723696,0.010443864,0.032853318,-1.32940312,0.573156417,0.082241037,0.067331671,0.567768738,0.025802752,-0.048387097,10000000000,0.092368624,70.59999847,56.38999939,-0.201274779,0
869,9/30/2021,FSLY,0.020099734,0.000935891,0.013537906,0.009963061,0.021846116,-3.817313812,-0.023703672,0.056897957,-0.126168224,-0.124654963,0.007609465,-0.13559322,0.105263158,0.001502477,56.65000153,40.31000137,-0.288437771,0
870,12/31/2021,FSLY,0.126615553,0.009350164,0.019590383,0.020055806,0.033914512,-1.81668933,0.334000373,0.040808111,-0.065508021,-0.119828456,-0.038007781,-0.176470588,-0.571428571,-0.007293597,39.68000031,33.00999832,-0.168094807,0
871,3/31/2022,FSLY,0.047739902,-0.011579435,0.011353712,0.00725522,0.016072818,2.225308436,0.320530482,-0.030040568,-0.097281831,-0.419891086,-0.016508083,-0.095238095,0,0.043170155,36,18.12000084,-0.496666643,0
872,6/30/2022,FSLY,0.001328359,-0.094189316,-0.189069948,0.013110727,0.020532989,1.868123875,0.177029959,-0.080242212,-0.082408875,-0.689970356,-0.220466654,-0.052631579,2,0.058072562,18.86000061,13.5,-0.284199387,0
873,9/30/2022,FSLY,0.058389746,-0.013450595,0.000598473,0.00904802,0.018831434,-0.017726778,0.190360867,-0.030523642,-0.031088083,1.084462151,-0.041520201,0,-0.592592593,-0.049390295,11.84000015,8.630000114,-0.271114865,0
874,12/31/2022,FSLY,0.099692177,-0.005768222,0.001421853,0.016323495,0.01609594,0.698938861,0.08014407,-0.032253445,0.048128342,-0.406345566,-0.016385809,0,9,-0.048450002,9.210000038,8.479999542,-0.079261726,0
875,6/30/2018,SQ,0.218866801,0.493697479,0.575159236,0.01857062,0.015614161,0.161903286,0.138620043,-0.011103063,-0.006066734,-0.446735395,-0.125672619,-0.025,-0.222222222,0.025792936,48.88000107,66.44000244,0.359247156,1
876,9/30/2018,SQ,0.082423448,0.117580872,0.152850789,0.015841766,0.010604734,0.019115256,-0.023339906,0.054185333,-0.002034588,2.483342744,-0.016460424,-0.025641026,0.142857143,0.007098353,60.47000122,94.11000061,0.556308892,1
877,12/31/2018,SQ,0.057158534,-0.174175686,-0.242020344,0.010481095,0.006380298,0.090647421,-0.007862085,-0.052874088,0,-0.7646296,0.036295806,0,2.25,0.008926232,100.8000031,58.18000031,-0.422817475,0
878,3/31/2019,SQ,0.028772326,0.341968912,0.518278575,0.012814505,0.009309453,-0.320395051,-0.026411499,0.008177315,-0.036697248,1.466942149,-0.114288788,0.026315789,1.884615385,-0.017532876,56.43999863,75.02999878,0.32937634,1
879,6/30/2019,SQ,0.223733764,0.057006586,0.057604389,0.009578119,0.012342928,-0.473676175,0.009081852,0.059290702,0.042328042,0.425181463,0.028232989,-0.076923077,-0.493333333,0.024997195,75.58999634,74.30999756,-0.016933441,0
880,9/30/2019,SQ,0.078364566,-0.140309411,-0.207204611,0.009021864,0.012193754,-0.207234375,0.065028225,0.026201025,-0.047715736,-0.558080313,-0.053293437,0,0.210526316,-0.01826894,73.90000153,61.54000092,-0.167253049,0
881,12/31/2019,SQ,0.037124803,0.137465634,0.030897855,0.007386614,0.008113241,0.201320047,0.071595161,0.042229998,0.036247335,-0.29787234,0.294675905,0,0.956521739,0.050617102,62.24000168,67.98999786,0.092384255,1
882,3/31/2020,SQ,0.051789794,0.31927049,0.47954866,0.010832506,-0.00776264,-0.473298921,0.00114732,-0.008722703,-0.00617284,-6.964646465,0.093161158,0.055555556,36.16666667,-0.076039177,61.36000061,59.20999908,-0.035039138,0
883,6/30/2020,SQ,0.393193338,0.301132578,0.402764538,0.011902791,-0.08827645,-1.422867035,-0.228725763,-0.040636545,-0.232919255,0.116215072,0.408043207,2.421052632,-0.002092676,-0.056562143,47.22000122,128.0500031,1.711774666,1
884,9/30/2020,SQ,0.576923077,0.038658474,0.02803262,0.009863286,0.087881073,2.738066762,0.054409797,0.132394626,0.021592443,-1.080504457,-0.077241253,-0.323076923,-0.999400839,0.300589008,118.7900009,187.2799988,0.576563661,1
885,12/31/2020,SQ,0.041199736,0.216416071,0.187902826,0.019081668,0.01602243,-0.32651474,-0.202209278,0.070687354,0.054161162,1.191990577,0.10929026,-0.227272727,6,-0.032118814,172.4299927,241.4499969,0.400278416,1
886,3/31/2021,SQ,0.600823045,0.149848024,0.256816917,0.004490671,0.028065066,-0.385739032,-0.113179196,0.087553805,0.005012531,2.10424503,0.066697113,-0.088235294,-1,0.123124408,222.4949951,261.6499939,0.175981481,1
887,6/30/2021,SQ,-0.074352383,0.21737598,0.226367058,0.001006653,0.032853318,-1.32940312,0.573156417,0.082241037,0.067331671,0.567768738,0.025802752,-0.048387097,10000000000,0.092368624,231.6199951,241.8899994,0.044339886,1
888,9/30/2021,SQ,-0.178594317,0.006731326,-0.015705389,0.011468258,0.021846116,-3.817313812,-0.023703672,0.056897957,-0.126168224,-0.124654963,0.007609465,-0.13559322,0.105263158,0.001502477,241.3099976,238.4900055,-0.01168618,0
889,12/31/2021,SQ,0.060858257,0.080307714,0.074094452,0.004248308,0.033914512,-1.81668933,0.334000373,0.040808111,-0.065508021,-0.119828456,-0.038007781,-0.176470588,-0.571428571,-0.007293597,235.6100006,141.5399933,-0.399261521,0
890,3/31/2022,SQ,-0.028928659,0.938440037,-0.003073508,0.170389377,0.016072818,2.225308436,0.320530482,-0.030040568,-0.097281831,-0.419891086,-0.016508083,-0.095238095,0,0.043170155,162.8699951,123.2200012,-0.243445663,0
891,6/30/2022,SQ,0.111840444,-0.008308442,0.027147384,0.073720761,0.020532989,1.868123875,0.177029959,-0.080242212,-0.082408875,-0.689970356,-0.220466654,-0.052631579,2,0.058072562,136.8500061,67.01999664,-0.510266762,0
892,9/30/2022,SQ,0.025431426,0.008170331,0.049774887,0.019475359,0.018831434,-0.017726778,0.190360867,-0.030523642,-0.031088083,1.084462151,-0.041520201,0,-0.592592593,-0.049390295,61.84000015,57.40999985,-0.071636486,0
893,12/31/2022,SQ,0.029893711,0.077023454,0.120879994,0.010835673,0.01609594,0.698938861,0.08014407,-0.032253445,0.048128342,-0.406345566,-0.016385809,0,9,-0.048450002,55.15000153,68.98999786,0.250951876,1
894,6/30/2018,TWLO,0.144350816,1.041959838,3.62498025,0.01721147,0.015614161,0.161903286,0.138620043,-0.011103063,-0.006066734,-0.446735395,-0.125672619,-0.025,-0.222222222,0.025792936,37.84999847,58.47000122,0.544782129,1
895,9/30/2018,TWLO,0.143082421,0.018412575,0.023853917,0.014259444,0.010604734,0.019115256,-0.023339906,0.054185333,-0.002034588,2.483342744,-0.016460424,-0.025641026,0.142857143,0.007098353,55.25,76.62000275,0.38678738,1
896,12/31/2018,TWLO,0.209639125,0.024900398,0.036932517,0.013704458,0.006380298,0.090647421,-0.007862085,-0.052874088,0,-0.7646296,0.036295806,0,2.25,0.008926232,87,88.55000305,0.017816127,1
897,3/31/2019,TWLO,0.141148887,3.003887269,0.342241416,0.259772182,0.009309453,-0.320395051,-0.026411499,0.008177315,-0.036697248,1.466942149,-0.114288788,0.026315789,1.884615385,-0.017532876,87.08000183,122.4199982,0.405833666,1
898,6/30/2019,TWLO,0.179721111,0.240048544,0.024837236,0.076809594,0.012342928,-0.473676175,0.009081852,0.059290702,0.042328042,0.425181463,0.028232989,-0.076923077,-0.493333333,0.024997195,131.5800018,140.2700043,0.066043489,1
899,9/30/2019,TWLO,0.072815128,0.000195733,0.016543038,0.009656605,0.012193754,-0.207234375,0.065028225,0.026201025,-0.047715736,-0.558080313,-0.053293437,0,0.210526316,-0.01826894,138.3200073,114.3399963,-0.173366178,0
900,12/31/2019,TWLO,0.122542075,0.008023483,0.055012705,0.009775813,0.008113241,0.201320047,0.071595161,0.042229998,0.036247335,-0.29787234,0.294675905,0,0.956521739,0.050617102,111.1600037,115.7399979,0.041201818,1
901,3/31/2020,TWLO,0.101574765,0.002912056,0.044351714,0.005917074,-0.00776264,-0.473298921,0.00114732,-0.008722703,-0.00617284,-6.964646465,0.093161158,0.055555556,36.16666667,-0.076039177,102.7399979,95.33999634,-0.072026491,0
902,6/30/2020,TWLO,0.098613745,0.024196671,0.065116407,0.017144047,-0.08827645,-1.422867035,-0.228725763,-0.040636545,-0.232919255,0.116215072,0.408043207,2.421052632,-0.002092676,-0.056562143,84,240.5800018,1.864047641,1
903,9/30/2020,TWLO,0.117550499,0.270837271,-0.007786546,0.041533975,0.087881073,2.738066762,0.054409797,0.132394626,0.021592443,-1.080504457,-0.077241253,-0.323076923,-0.999400839,0.300589008,237.6600037,306.2399902,0.288563433,1
904,12/31/2020,TWLO,0.22349984,0.410916121,0.076516953,0.11218229,0.01602243,-0.32651474,-0.202209278,0.070687354,0.054161162,1.191990577,0.10929026,-0.227272727,6,-0.032118814,290,360.269989,0.242310307,1
905,3/31/2021,TWLO,0.07644365,0.290397386,0.927536232,0.018970058,0.028065066,-0.385739032,-0.113179196,0.087553805,0.005012531,2.10424503,0.066697113,-0.088235294,-1,0.123124408,339,368.2399902,0.086253659,1
906,6/30/2021,TWLO,0.133804416,0.023852312,-0.078195489,0.037371381,0.032853318,-1.32940312,0.573156417,0.082241037,0.067331671,0.567768738,0.025802752,-0.048387097,10000000000,0.092368624,355,392.269989,0.104985885,1
907,9/30/2021,TWLO,0.106505753,0.035343865,0.030451332,0.022052166,0.021846116,-3.817313812,-0.023703672,0.056897957,-0.126168224,-0.124654963,0.007609465,-0.13559322,0.105263158,0.001502477,386.0799866,320.6000061,-0.16960211,0
908,12/31/2021,TWLO,0.138572448,0.001695307,0.037994723,0.018264299,0.033914512,-1.81668933,0.334000373,0.040808111,-0.065508021,-0.119828456,-0.038007781,-0.176470588,-0.571428571,-0.007293597,320.5700073,230.1999969,-0.281904134,0
909,3/31/2022,TWLO,0.038705704,-0.008308331,0.00305033,0.002388235,0.016072818,2.225308436,0.320530482,-0.030040568,-0.097281831,-0.419891086,-0.016508083,-0.095238095,0,0.043170155,264,146.4199982,-0.445378795,0
910,6/30/2022,TWLO,0.077671777,-0.001706617,0.027369488,0.008009995,0.020532989,1.868123875,0.177029959,-0.080242212,-0.082408875,-0.689970356,-0.220466654,-0.052631579,2,0.058072562,170.0800018,92.70999908,-0.454903586,0
911,9/30/2022,TWLO,0.042058443,-0.019892766,0.027133695,0.007376006,0.018831434,-0.017726778,0.190360867,-0.030523642,-0.031088083,1.084462151,-0.041520201,0,-0.592592593,-0.049390295,84.70999908,76.83999634,-0.092905239,0
912,12/31/2022,TWLO,0.042694526,-0.003884881,-0.03698367,0.012428345,0.01609594,0.698938861,0.08014407,-0.032253445,0.048128342,-0.406345566,-0.016385809,0,9,-0.048450002,69.51000214,50.11999893,-0.278952706,0
913,7/31/2018,ZS,0.142607245,0.104165331,0.278411541,-0.000459026,0.010604734,0.019115256,-0.023339906,0.054185333,-0.002034588,2.483342744,-0.016460424,-0.025641026,0.142857143,0.007098353,28,38.18999863,0.363928522,1
914,10/31/2018,ZS,0.126820237,0.023031348,-0.0078489,0.019555125,0.006380298,0.090647421,-0.007862085,-0.052874088,0,-0.7646296,0.036295806,0,2.25,0.008926232,37.41999817,40.70999908,0.087920927,1
915,1/31/2019,ZS,0.173844355,0.131018961,0.170574409,0.015404648,0.009309453,-0.320395051,-0.026411499,0.008177315,-0.036697248,1.466942149,-0.114288788,0.026315789,1.884615385,-0.017532876,39.84000015,48.45999908,0.216365434,1
916,4/30/2019,ZS,0.064951145,0.037487961,0.041142549,0.012622291,0.012342928,-0.473676175,0.009081852,0.059290702,0.042328042,0.425181463,0.028232989,-0.076923077,-0.493333333,0.024997195,48.41999817,73.55000305,0.519000534,1
917,7/31/2019,ZS,0.088211505,0.123947047,0.177906972,0.013548171,0.012193754,-0.207234375,0.065028225,0.026201025,-0.047715736,-0.558080313,-0.053293437,0,0.210526316,-0.01826894,65.01000214,85.18000031,0.310259922,1
918,10/31/2019,ZS,0.086890881,0.053075169,0.089890529,0.005288677,0.008113241,0.201320047,0.071595161,0.042229998,0.036247335,-0.29787234,0.294675905,0,0.956521739,0.050617102,80,43.90000153,-0.451249981,0
919,1/31/2020,ZS,0.082038679,0.063180181,0.108900104,0.010474806,-0.00776264,-0.473298921,0.00114732,-0.008722703,-0.00617284,-6.964646465,0.093161158,0.055555556,36.16666667,-0.076039177,45.20999908,58.97000122,0.304357496,1
920,4/30/2020,ZS,0.091401035,0.088020106,0.122904543,0.008362601,-0.08827645,-1.422867035,-0.228725763,-0.040636545,-0.232919255,0.116215072,0.408043207,2.421052632,-0.002092676,-0.056562143,56.56000137,74.01999664,0.308698636,1
921,7/31/2020,ZS,0.139001484,1.490610954,2.362664207,0.01894942,0.087881073,2.738066762,0.054409797,0.132394626,0.021592443,-1.080504457,-0.077241253,-0.323076923,-0.999400839,0.300589008,66.61000061,125.8499985,0.889355912,1
922,10/31/2020,ZS,0.132587162,0.010911075,0.008895478,0.010134245,0.01602243,-0.32651474,-0.202209278,0.070687354,0.054161162,1.191990577,0.10929026,-0.227272727,6,-0.032118814,131.0500031,150.0599976,0.145059092,1
923,1/31/2021,ZS,0.101460253,0.062601187,0.077883909,0.012633886,0.028065066,-0.385739032,-0.113179196,0.087553805,0.005012531,2.10424503,0.066697113,-0.088235294,-1,0.123124408,136.75,216.7799988,0.58522851,1
924,4/30/2021,ZS,0.123277553,0.047232098,0.059304703,0.00763297,0.032853318,-1.32940312,0.573156417,0.082241037,0.067331671,0.567768738,0.025802752,-0.048387097,10000000000,0.092368624,202.5200043,169.3200073,-0.163934408,0
925,7/31/2021,ZS,0.117174214,0.095053346,0.112612613,0.012907703,0.021846116,-3.817313812,-0.023703672,0.056897957,-0.126168224,-0.124654963,0.007609465,-0.13559322,0.105263158,0.001502477,186.6000061,242.0500031,0.297159674,1
926,10/31/2021,ZS,0.169697677,0.005757307,0.006940428,0.00988014,0.033914512,-1.81668933,0.334000373,0.040808111,-0.065508021,-0.119828456,-0.038007781,-0.176470588,-0.571428571,-0.007293597,237,338.4899902,0.428227807,1
927,1/31/2022,ZS,0.108651423,0.066490533,0.081562321,0.007362603,0.016072818,2.225308436,0.320530482,-0.030040568,-0.097281831,-0.419891086,-0.016508083,-0.095238095,0,0.043170155,319.4599915,258.980011,-0.189319421,0
928,4/30/2022,ZS,0.122255569,0.042526837,0.058417419,0.0055578,0.020532989,1.868123875,0.177029959,-0.080242212,-0.082408875,-0.689970356,-0.220466654,-0.052631579,2,0.058072562,240.3600006,172.9400024,-0.280495914,0
929,7/31/2022,ZS,0.108965262,0.121980198,0.133467135,0.008396371,0.018831434,-0.017726778,0.190360867,-0.030523642,-0.031088083,1.084462151,-0.041520201,0,-0.592592593,-0.049390295,201.3099976,163.4199982,-0.188217177,0
930,10/31/2022,ZS,0.117868069,0.001058948,0.064187694,0.008193627,0.01609594,0.698938861,0.08014407,-0.032253445,0.048128342,-0.406345566,-0.016385809,0,9,-0.048450002,152,142.1900024,-0.064539458,0
931,1/31/2023,ZS,0.090142541,0.071932299,0.044509151,0.006081409,0.018812864,-0.007773642,0.007543269,0.038445263,0.098639456,0.224082421,-0.172013042,-0.027777778,-0.034090909,0.054164359,121.5899963,133.8699951,0.100995141,1
936,7/31/2019,CRWD,0.12063918,1.562527194,0.153039576,3.693685457,0.012193754,-0.207234375,0.065028225,0.026201025,-0.047715736,-0.558080313,-0.053293437,0,0.210526316,-0.01826894,63.5,94.90000153,0.494488213,1
937,10/31/2019,CRWD,0.153686368,0.071672355,0.215389784,-0.09037022,0.008113241,0.201320047,0.071595161,0.042229998,0.036247335,-0.29787234,0.294675905,0,0.956521739,0.050617102,83.33999634,47.20999908,-0.433525304,0
938,1/31/2020,CRWD,0.212105011,0.118630573,0.228727746,0.036349213,-0.00776264,-0.473298921,0.00114732,-0.008722703,-0.00617284,-6.964646465,0.093161158,0.055555556,36.16666667,-0.076039177,49.15000153,62.09000015,0.263275651,1
939,4/30/2020,CRWD,0.160030876,0.08113879,0.15694422,0.000849973,-0.08827645,-1.422867035,-0.228725763,-0.040636545,-0.232919255,0.116215072,0.408043207,2.421052632,-0.002092676,-0.056562143,61.13000107,76.69999695,0.25470302,1
940,7/31/2020,CRWD,0.117214192,0.064516129,0.076599721,0.016731651,0.087881073,2.738066762,0.054409797,0.132394626,0.021592443,-1.080504457,-0.077241253,-0.323076923,-0.999400839,0.300589008,68.34999847,101.75,0.488661335,1
941,10/31/2020,CRWD,0.168020541,0.082251082,0.133085314,0.012487598,0.01602243,-0.32651474,-0.202209278,0.070687354,0.054161162,1.191990577,0.10929026,-0.227272727,6,-0.032118814,114.4800034,141.7899933,0.238556858,1
942,1/31/2021,CRWD,0.136257483,0.561714286,0.990962038,0.01060615,0.028065066,-0.385739032,-0.113179196,0.087553805,0.005012531,2.10424503,0.066697113,-0.088235294,-1,0.123124408,124.5500031,223.5299988,0.79470087,1
943,4/30/2021,CRWD,0.125314427,0.054152945,0.089736701,0.010936823,0.032853318,-1.32940312,0.573156417,0.082241037,0.067331671,0.567768738,0.025802752,-0.048387097,10000000000,0.092368624,216.5599976,189.1799927,-0.126431498,0
944,7/31/2021,CRWD,0.116624329,0.088510934,0.097140039,0.009854876,0.021846116,-3.817313812,-0.023703672,0.056897957,-0.126168224,-0.124654963,0.007609465,-0.13559322,0.105263158,0.001502477,209,260.7399902,0.247559762,1
945,10/31/2021,CRWD,0.126815009,0.052295918,0.051685393,0.008530584,0.033914512,-1.81668933,0.334000373,0.040808111,-0.065508021,-0.119828456,-0.038007781,-0.176470588,-0.571428571,-0.007293597,254.2599945,273.4299927,0.075395259,1
946,1/31/2022,CRWD,0.138019113,0.096363636,0.102991453,0.00612809,0.016072818,2.225308436,0.320530482,-0.030040568,-0.097281831,-0.419891086,-0.016508083,-0.095238095,0,0.043170155,275.5409851,177.2100067,-0.356865162,0
947,4/30/2022,CRWD,0.127014256,0.060254284,0.053467648,0.006473887,0.020532989,1.868123875,0.177029959,-0.080242212,-0.082408875,-0.689970356,-0.220466654,-0.052631579,2,0.058072562,170.6999969,164.8099976,-0.034504977,0
948,7/31/2022,CRWD,0.098189959,0.082898853,0.070614196,0.005947772,0.018831434,-0.017726778,0.190360867,-0.030523642,-0.031088083,1.084462151,-0.041520201,0,-0.592592593,-0.049390295,198.5,191.1699982,-0.036926961,0
949,10/31/2022,CRWD,0.11719533,0.075830525,0.075918928,0.005293394,0.01609594,0.698938861,0.08014407,-0.032253445,0.048128342,-0.406345566,-0.016385809,0,9,-0.048450002,180.7799988,143.1199951,-0.208319526,0
950,1/31/2023,CRWD,0.131582466,0.124860148,0.129948914,0.005410955,0.018812864,-0.007773642,0.007543269,0.038445263,0.098639456,0.224082421,-0.172013042,-0.027777778,-0.034090909,0.054164359,129.8300018,108.9599991,-0.16074869,0
951,7/31/2018,MDB,0.165360209,0.658883584,0.999411558,0.029408858,0.010604734,0.019115256,-0.023339906,0.054185333,-0.002034588,2.483342744,-0.016460424,-0.025641026,0.142857143,0.007098353,37,63.09999847,0.705405364,1
952,10/31/2018,MDB,0.156399032,0.010151673,0.039795215,0.027090333,0.006380298,0.090647421,-0.007862085,-0.052874088,0,-0.7646296,0.036295806,0,2.25,0.008926232,58,75.41999817,0.300344796,1
953,1/31/2019,MDB,0.323828576,0.093646652,-0.009536885,0.015440407,0.009309453,-0.320395051,-0.026411499,0.008177315,-0.036697248,1.466942149,-0.114288788,0.026315789,1.884615385,-0.017532876,79.55999756,98.34999847,0.236173976,1
954,4/30/2019,MDB,-0.015459903,0.001042979,0.037241688,0.017561945,0.012342928,-0.473676175,0.009081852,0.059290702,0.042328042,0.425181463,0.028232989,-0.076923077,-0.493333333,0.024997195,92.87000275,135.6999969,0.461182222,1
955,7/31/2019,MDB,0.114865583,0.010018509,0.032651895,0.017421666,0.012193754,-0.207234375,0.065028225,0.026201025,-0.047715736,-0.558080313,-0.053293437,0,0.210526316,-0.01826894,129.8099976,148.8999939,0.147061064,1
956,10/31/2019,MDB,0.108018808,-0.008915894,0.027667276,0.007823752,0.008113241,0.201320047,0.071595161,0.042229998,0.036247335,-0.29787234,0.294675905,0,0.956521739,0.050617102,135.8699951,126.1299973,-0.071686157,0
957,1/31/2020,MDB,-0.020721031,0.808200167,1.41402693,0.012420826,-0.00776264,-0.473298921,0.00114732,-0.008722703,-0.00617284,-6.964646465,0.093161158,0.055555556,36.16666667,-0.076039177,129.4799957,164.1100006,0.26745448,1
958,4/30/2020,MDB,0.137360921,0.006019564,0.02247191,0.010700033,-0.08827645,-1.422867035,-0.228725763,-0.040636545,-0.232919255,0.116215072,0.408043207,2.421052632,-0.002092676,-0.056562143,163.4199982,176.4900055,0.079978017,1
959,7/31/2020,MDB,0.066907512,0.013462977,0.025902669,0.014845595,0.087881073,2.738066762,0.054409797,0.132394626,0.021592443,-1.080504457,-0.077241253,-0.323076923,-0.999400839,0.300589008,154.6799927,199.6499939,0.290729269,1
960,10/31/2020,MDB,0.099307494,0.000738007,0.020657995,0.022053077,0.01602243,-0.32651474,-0.202209278,0.070687354,0.054161162,1.191990577,0.10929026,-0.227272727,6,-0.032118814,225.5700073,252.3999939,0.118943058,1
961,1/31/2021,MDB,0.142422336,0.037610619,0.055472264,0.012334597,0.028065066,-0.385739032,-0.113179196,0.087553805,0.005012531,2.10424503,0.066697113,-0.088235294,-1,0.123124408,227,412.6600037,0.817885479,1
962,4/30/2021,MDB,0.137891946,-0.02061123,0.169034091,0.007619298,0.032853318,-1.32940312,0.573156417,0.082241037,0.067331671,0.567768738,0.025802752,-0.048387097,10000000000,0.092368624,368.5799866,260.3200073,-0.293721806,0
963,7/31/2021,MDB,0.104212748,0.655297533,-0.02308627,0.033652749,0.021846116,-3.817313812,-0.023703672,0.056897957,-0.126168224,-0.124654963,0.007609465,-0.13559322,0.105263158,0.001502477,298.5,373.4500122,0.251088818,1
964,10/31/2021,MDB,0.143253258,0.031126699,0.050373134,0.046652057,0.033914512,-1.81668933,0.334000373,0.040808111,-0.065508021,-0.119828456,-0.038007781,-0.176470588,-0.571428571,-0.007293597,359.1000061,555.5800171,0.547145663,1
965,1/31/2022,MDB,0.172437315,0.041666667,0.055654233,0.015937095,0.016072818,2.225308436,0.320530482,-0.030040568,-0.097281831,-0.419891086,-0.016508083,-0.095238095,0,0.043170155,521.9899902,403.5400085,-0.226920025,0
966,4/30/2022,MDB,0.073923939,-0.006122449,-0.011777902,0.00914833,0.020532989,1.868123875,0.177029959,-0.080242212,-0.082408875,-0.689970356,-0.220466654,-0.052631579,2,0.058072562,378.5799866,299.7099915,-0.208331127,0
967,7/31/2022,MDB,0.06663291,0.00698152,0.011918275,0.009197632,0.018831434,-0.017726778,0.190360867,-0.030523642,-0.031088083,1.084462151,-0.041520201,0,-0.592592593,-0.049390295,350.2999878,356.8399963,0.018669737,1
968,10/31/2022,MDB,0.099236134,0.006117455,0,0.008283955,0.01609594,0.698938861,0.08014407,-0.032253445,0.048128342,-0.406345566,-0.016385809,0,9,-0.048450002,308.0299988,175.9400024,-0.428821858,0
969,1/31/2023,MDB,0.075367536,0.049452777,0.037016265,0.004028532,0.018812864,-0.007773642,0.007543269,0.038445263,0.098639456,0.224082421,-0.172013042,-0.027777778,-0.034090909,0.054164359,147.7899933,210.6999969,0.425671605,1
970,7/31/2018,OKTA,0.131127348,0.050918691,0.086918353,0.023494723,0.010604734,0.019115256,-0.023339906,0.054185333,-0.002034588,2.483342744,-0.016460424,-0.025641026,0.142857143,0.007098353,46.04000092,56.11000061,0.218722839,1
971,10/31/2018,OKTA,0.116190557,0.042926129,0.064448351,0.012404353,0.006380298,0.090647421,-0.007862085,-0.052874088,0,-0.7646296,0.036295806,0,2.25,0.008926232,53.09999847,59.27999878,0.11638419,1
972,1/31/2019,OKTA,-0.049035766,0.23547368,0.325476362,0.016366701,0.009309453,-0.320395051,-0.026411499,0.008177315,-0.036697248,1.466942149,-0.114288788,0.026315789,1.884615385,-0.017532876,57.90000153,83.16999817,0.436442072,1
973,4/30/2019,OKTA,0.205012002,0.014455768,0.037109802,0.017717027,0.012342928,-0.473676175,0.009081852,0.059290702,0.042328042,0.425181463,0.028232989,-0.076923077,-0.493333333,0.024997195,81.62999725,105.5899963,0.293519538,1
974,7/31/2019,OKTA,0.131374915,0.028499552,0.022377875,0.022858094,0.012193754,-0.207234375,0.065028225,0.026201025,-0.047715736,-0.558080313,-0.053293437,0,0.210526316,-0.01826894,102.1600037,134.1999969,0.313625608,1
975,10/31/2019,OKTA,-0.039722084,0.8218111,0.896699459,0.037542399,0.008113241,0.201320047,0.071595161,0.042229998,0.036247335,-0.29787234,0.294675905,0,0.956521739,0.050617102,128.0099945,109.6600037,-0.143348111,0
976,1/31/2020,OKTA,0.199651549,0.044895778,0.05298913,0.012441076,-0.00776264,-0.473298921,0.00114732,-0.008722703,-0.00617284,-6.964646465,0.093161158,0.055555556,36.16666667,-0.076039177,112,132.7899933,0.18562494,1
977,4/30/2020,OKTA,0.091412409,0.041943734,0.047741935,0.006979892,-0.08827645,-1.422867035,-0.228725763,-0.040636545,-0.232919255,0.116215072,0.408043207,2.421052632,-0.002092676,-0.056562143,128.75,169.3800049,0.315572853,1
978,7/31/2020,OKTA,0.05372614,0.529209622,0.496305419,0.022875605,0.087881073,2.738066762,0.054409797,0.132394626,0.021592443,-1.080504457,-0.077241253,-0.323076923,-0.999400839,0.300589008,148.3099976,208.2299957,0.404018604,1
979,10/31/2020,OKTA,0.074892054,0.017656501,0.024691358,0.019743665,0.01602243,-0.32651474,-0.202209278,0.070687354,0.054161162,1.191990577,0.10929026,-0.227272727,6,-0.032118814,221.6900024,233.2599945,0.052189959,1
980,1/31/2021,OKTA,0.08834816,0.040694006,0.046184739,0.010627809,0.028065066,-0.385739032,-0.113179196,0.087553805,0.005012531,2.10424503,0.066697113,-0.088235294,-1,0.123124408,210.0050049,282.9400024,0.347301235,1
981,4/30/2021,OKTA,0.075265269,0.039709003,0.054894434,0.012252078,0.032853318,-1.32940312,0.573156417,0.082241037,0.067331671,0.567768738,0.025802752,-0.048387097,10000000000,0.092368624,260.7099915,237.2700043,-0.089908281,0
982,7/31/2021,OKTA,0.282648722,1.604081633,0.051673945,0.148584351,0.021846116,-3.817313812,-0.023703672,0.056897957,-0.126168224,-0.124654963,0.007609465,-0.13559322,0.105263158,0.001502477,269.9500122,240.1199951,-0.110502003,0
983,10/31/2021,OKTA,0.119455885,0.007277206,0.042214533,0.015849944,0.033914512,-1.81668933,0.334000373,0.040808111,-0.065508021,-0.119828456,-0.038007781,-0.176470588,-0.571428571,-0.007293597,248,254.8899994,0.027782256,1
984,1/31/2022,OKTA,0.09792206,0.023229966,0.090305445,0.006776971,0.016072818,2.225308436,0.320530482,-0.030040568,-0.097281831,-0.419891086,-0.016508083,-0.095238095,0,0.043170155,247.1999969,188.8600006,-0.236003224,0
985,4/30/2022,OKTA,0.14589735,-0.01737997,0.088002436,0.006957454,0.020532989,1.868123875,0.177029959,-0.080242212,-0.082408875,-0.689970356,-0.220466654,-0.052631579,2,0.058072562,185.7700043,102.4499969,-0.448511629,0
986,7/31/2022,OKTA,0.089345386,0.003095291,0.013434089,0.00978348,0.018831434,-0.017726778,0.190360867,-0.030523642,-0.031088083,1.084462151,-0.041520201,0,-0.592592593,-0.049390295,118.4100037,104.4700012,-0.11772656,0
987,10/31/2022,OKTA,0.065372072,0.0022041,0.017950842,0.008310038,0.01609594,0.698938861,0.08014407,-0.032253445,0.048128342,-0.406345566,-0.016385809,0,9,-0.048450002,96.91000366,54.34999847,-0.439170401,0
988,1/31/2023,OKTA,0.061808267,0.023422037,0.042051004,0.008518789,0.018812864,-0.007773642,0.007543269,0.038445263,0.098639456,0.224082421,-0.172013042,-0.027777778,-0.034090909,0.054164359,47.77999878,76.38999939,0.598786131,1
